3014 4642
712 215 933 279 ,30-

446 408 477 474 b.
501 409 587 489 apud
611 407 800 475 Terentium
824 409 944 475 desunt
967 409 1122 491 exempla.

446 536 472 582 c.
500 516 588 597 apud
626 516 772 598 reliquos
807 520 921 598 poetas
955 517 1012 598 qui
1047 535 1163 584 versus
1197 517 1411 586 inveniuntur

498 623 643 705 corrupti
666 628 756 690 sunt:

253 732 304 798 94.
328 730 457 814 Accius,
484 732 583 815 Trag.
604 731 642 797 B.
665 731 705 798 ir.
728 733 788 798 127
817 731 944 818 (Deae)
971 731 1143 798 Minervae
1172 733 1288 798 donum
1313 733 1411 799 armi-

327 838 456 920 potenti
480 836 638 904 ibeuntes
661 837 769 905 Danai
794 839 906 905 dicant
1437 859 1462 898 a

253 947 305 1011 95.
327 945 455 1028 Accius,
474 946 530 1011 Fr.
548 946 585 1011 P.
603 946 642 1012 R.
660 949 701 1011 24
722 946 904 1012 Baehrens:
927 946 1093 1013 Inbecilla
1111 947 1151 1013 ob
1166 946 1409 1029 pondoritatem

329 1050 592 1135 grovnatemque
615 1052 754 1119 nominis
1437 1073 1463 1113 2⁸

254 1161 305 1225 90.
328 1159 478 1226 Lucilius
502 1161 566 1226 504
590 1161 771 1228 Baehrens:
800 1160 863 1227 sibi
886 1158 1107 1227 misereantur
1129 1160 1177 1226 sei
1201 1160 1274 1244 ipsi,
1302 1160 1379 1229 vido
1437 1181 1463 1220 a

255 1269 306 1333 97.
329 1266 413 1332 idem
434 1268 498 1333 020
518 1267 582 1334 Hic
600 1286 651 1333 me
670 1267 726 1333 nbi
746 1267 842 1350 vidit,
865 1268 1108 1350 subblanditur,
1126 1269 1291 1351 palpatur,
1311 1274 1410 1349 caput

329 1373 436 1440 scabit

338 1517 371 1584 O.
389 1517 429 1584 In
452 1517 592 1583 iambico
616 1518 802 1601 septenario
827 1524 862 1585 et
884 1516 1060 1586 octonario.

254 1645 306 1709 98.
329 1642 420 1709 Asin.
435 1645 497 1708 421
524 1641 609 1726 Quoi
631 1662 802 1725 numquam
825 1663 922 1711 unam
945 1663 1012 1711 rem
1036 1662 1086 1709 me
1109 1642 1190 1709 licet

254 1752 306 1816 99.
328 1750 419 1816 Most
434 1752 494 1816 171
525 1750 571 1817 Ut
595 1747 703 1832 lepide
726 1770 836 1817 omnes
858 1750 995 1838 <mo>res
1017 1756 1111 1817 tenet

235 1860 306 1924 100.
329 1857 406 1924 ibid.
423 1859 486 1923 192
523 1857 567 1923 Di
591 1858 736 1939 deaeque
759 1876 869 1924 omnes
891 1876 943 1924 me
966 1857 1124 1939 pessumis

233 1967 307 2031 101.
329 1965 509 2030 Rud1284
524 1965 606 2030 Nam
629 1965 765 2030 lenones
789 1983 830 2031 ex
854 1962 982 2030 Gaudio

235 2073 307 2140 102.
331 2072 420 2139 Trin.
435 2072 500 2138 285
526 2072 686 2155 Turbant,
708 2070 846 2139 miscent
867 2089 973 2138 mores
996 2072 1077 2138 mali

234 2181 306 2246 103.
329 2179 410 2245 Hec.
425 2179 490 2245 738
525 2176 596 2261 Quo
619 2177 723 2263 migls
747 2197 857 2245 omnes
880 2197 933 2244 res
957 2178 1087 2245 cautius
1436 2199 1460 2239 31

235 2288 307 2352 104.
330 2286 445 2368 Amph.
463 2288 527 2353 999
671 2284 876 2353 adsimilabo
899 2305 949 2352 me
972 2303 1044 2352 esse
1068 2285 1195 2352 ebrium
1435 2305 1460 2346 m

234 2394 307 2461 105.
330 2394 474 2460 1111271
502 2445 730 2461 ...........
754 2413 813 2461 nos
835 2393 1008 2477 internos,
1032 2392 1194 2474 Ctesipho.

322 2554 371 2620 Ut
392 2572 501 2620 omnes
524 2555 614 2620 locos
638 2556 904 2635 complectamur,
929 2553 984 2634 qui
1007 2554 1050 2619 ad
1074 2571 1141 2618 rem
1163 2553 1345 2637 pertinent,
1369 2573 1409 2620 ea

233 2679 360 2742 quoque
375 2661 522 2742 exempla
540 2659 721 2743 offeramus
744 2678 828 2740 quae
846 2665 1003 2742 petantur
1021 2679 1062 2726 ex
1076 2659 1216 2734 Publilii
1230 2659 1305 2744 Syri
1324 2660 1409 2728 alio·

232 2787 367 2856 rumque
390 2767 572 2834 sententiis.
621 2767 713 2834 Haec
738 2773 847 2834 antem
871 2787 1049 2853 segregare
1077 2786 1157 2849 opus
1185 2773 1239 2833 est
1265 2769 1308 2835 ob
1335 2768 1409 2834 illis

233 2895 332 2958 supra
364 2875 551 2959 exscriptis,
588 2875 740 2956 quoniam
772 2876 814 2942 de
846 2880 940 2942 textu
972 2879 1139 2955 metroque
1171 2874 1409 2941 constituendis

232 3002 390 3066 persaepe
409 2981 473 3050 viri
492 2983 580 3049 docti
599 3001 731 3064 prorsus
749 2982 839 3049 inter
857 3002 892 3048 se
912 2981 1119 3048 dissentiunt.
1153 2979 1226 3064 Qus
1246 2983 1287 3047 de
1309 3000 1409 3048 causa

232 3089 273 3156 iis
296 3109 372 3156 num
395 3089 476 3156 insit
497 3089 611 3171 aliqua
634 3088 879 3156 demonstrandi
902 3087 954 3157 vis
975 3090 1144 3155 admodum
1169 3088 1277 3154 estin
1301 3088 1408 3156 dubio.

233 3196 269 3263 Si
291 3195 489 3262 Friedrichii
512 3196 687 3262 editionem
711 3196 756 3281 (a.
778 3195 887 3282 1880.)
910 3195 1083 3279 sequimur,
1112 3195 1167 3276 qui
1190 3214 1301 3261 omnes
1325 3215 1408 3260 com·

233 3303 415 3388 prehendit,
437 3301 602 3370 referendi
624 3309 721 3369 erunt
742 3303 816 3369 hice
840 3322 967 3371 vorsus:

343 3413 369 3476 1.
393 3430 434 3477 ex
456 3410 595 3477 Publilii
617 3409 693 3492 Syri
716 3410 890 3477 sententiis

394 3537 422 3584 a.
445 3517 568 3584 senarii
591 3518 718 3584 desunt.

393 3628 424 3692 b.
447 3625 606 3692 trochaici
629 3624 809 3707 septenarii

232 3754 263 3816 p.
287 3736 339 3800 53.
361 3733 385 3799 J
409 3735 449 3798 01
476 3783 660 3799 .........
683 3731 740 3799 ubi
762 3734 856 3816 leges
878 3731 989 3814 populi
1006 3718 1130 3800 ¹volent

341 3843 369 3906 2.
393 3859 434 3907 ex
457 3839 593 3906 Caecilii
616 3838 713 3905 Balbi
735 3838 908 3905 sententiis

394 3968 422 4014 a.
445 3947 567 4013 senarii

234 4077 263 4138 p.
288 4057 339 4121 82.
362 4057 405 4120 40
430 4104 680 4121 ............
704 4053 886 4121 abundanti
909 4073 985 4120 raro
1009 4053 1122 4123 evenit
