3014 4642
651 235 872 301 ..71-

169 427 358 512 ‘virgarum'
385 428 420 495 in
447 434 563 511 quarto
591 431 675 513 pede
704 428 766 496 sibi
794 429 970 498 indulsisse
999 431 1143 499 arbitror
1166 432 1348 514 respiciens

170 535 375 620 potissimum
402 536 580 604 Asinariae
610 556 640 605 v.
669 539 744 620 298,
776 537 833 604 ubi
863 540 963 620 plane
996 538 1178 623 legitimam
1210 539 1347 622 spondei

170 642 413 710 excusationem
433 644 519 710 hunc
537 643 571 710 in
590 646 717 711 modum
736 643 858 711 effecit:
877 647 893 711 ‘.
908 697 916 712 .
931 697 938 710 .
955 645 985 712 Ο
1002 645 1170 730 virgarum
1188 645 1347 714 lasciviai'

169 751 284 831 Neque
307 749 444 819 levioris
467 751 620 818 momenti
638 752 782 836 videtur,
806 753 892 833 quod
910 753 1066 818 Plautum
1087 772 1108 818 a
1128 751 1225 818 simili
1242 751 1347 820 forma

169 855 379 923 abhorruisse
409 863 548 940 apparet
575 859 610 924 in
638 859 750 925 eadem
779 860 951 927 verborum
980 858 1222 926 consociatione
1250 879 1346 941 quam

169 965 382 1034 observamus
405 965 439 1031 in

268 1071 335 1138 Mil.
360 1073 423 1139 511
448 1072 522 1139 Nisi
545 1073 626 1138 milri
649 1072 843 1156 supplicium
866 1071 1049 1140 stimuleum
1073 1076 1114 1140 de
1139 1080 1167 1139 te
1191 1075 1289 1140 datur

170 1178 222 1247 cui
255 1182 404 1261 exemplo
433 1199 471 1246 eo
499 1178 653 1246 maiorem
681 1179 926 1247 demonstrandi
954 1181 1020 1248 vim
1048 1179 1236 1265 tribuimus,
1268 1184 1346 1263 quia

169 1305 326 1368 nusquam
350 1285 413 1353 nisi
441 1287 495 1352 hic
524 1286 649 1371 legitur
677 1285 864 1353 ‘stimuleus’
892 1305 997 1367 neque
1025 1286 1059 1353 in
1081 1288 1193 1353 Plauti
1220 1287 1344 1355 fabulis

166 1413 274 1475 neque
304 1395 392 1476 apud
421 1393 524 1460 alium
553 1394 760 1476 scriptorem3
790 1395 874 1459 unde
902 1393 1086 1460 necessario
1114 1394 1277 1478 sequitur,
1308 1401 1346 1461 ut

167 1500 305 1584 spondei
329 1519 428 1568 causa
451 1499 600 1568 evitandi
621 1506 721 1583 poeta
743 1499 984 1567 inusitatiorem
1009 1500 1105 1569 verbi
1126 1500 1263 1568 formam
1287 1504 1343 1580 ad·

167 1607 320 1676 hibuerit.
357 1607 449 1691 Quae
473 1627 545 1674 cum
568 1607 616 1674 ita
635 1607 710 1691 sint,
732 1607 812 1672 mihi
831 1606 959 1687 quidem
980 1607 1111 1675 dubium
1129 1628 1194 1674 non
1213 1608 1345 1677 videtur

168 1715 247 1797 quin
265 1715 300 1781 in
319 1714 440 1781 Militis
451 1735 488 1782 .v.
504 1715 569 1780 502
588 1717 693 1780 solum
712 1716 753 1782 ob
772 1714 984 1796 spondiacum
1002 1715 1092 1783 vocis
1112 1715 1234 1781 exitum
1253 1715 1344 1781 defu·

166 1821 256 1906 gerit
278 1821 519 1889 substantivum
542 1821 725 1906 ‘virgarum’
749 1820 883 1902 eiusque
907 1822 941 1888 in
960 1823 1066 1887 locum
1085 1821 1251 1906 ‘virgeum'
1269 1824 1344 1889 sub-

166 1928 326 2010 stituerit3
351 1930 437 2010 quod
462 1927 658 1995 adiectivum
681 1927 805 2012 legitur
823 1927 893 1994 (lat.
917 1930 968 1995 ‘de
987 1929 1059 2013 agri
1080 1930 1169 1995 cult'
1189 1948 1258 2010 cap.
1280 1930 1342 1994 152

167 2035 211 2121 (p.
229 2038 272 2103 96
294 2034 393 2121 Keil).
429 2034 558 2102 Similia
577 2034 743 2103 adiectiva
761 2036 901 2102 Plautus
920 2036 1056 2103 adhibet
1073 2035 1180 2104 veluti
1198 2036 1342 2101 ‘ulmeus’

166 2142 257 2208 Asin.
281 2143 345 2208 363
369 2143 453 2208 Rnd.
477 2145 550 2208 636.
575 2179 618 2190 —-

167 2248 282 2316 Finem
308 2248 467 2316 faciamus
494 2248 528 2315 in
551 2250 613 2315 boc
636 2249 774 2315 iambico
797 2249 994 2332 septenario,
1018 2248 1108 2315 cuius
1132 2248 1341 2330 spondiacum

165 2357 361 2424 vocabulum
390 2374 583 2438 quamquam
611 2355 710 2422 facile
738 2359 918 2422 toleramus
946 2361 1081 2438 propter
1109 2360 1265 2423 accentus
1288 2375 1343 2423 en·

166 2463 283 2547 clisim‚
305 2468 415 2530 tamen
439 2461 561 2546 corrigi
584 2463 692 2530 voluit
709 2463 913 2529 Ritschelius
936 2472 1070 2546 propter
1092 2463 1246 2530 stabilem
1269 2482 1342 2531 ver·

165 2570 279 2638 borum
311 2569 560 2637 collocationem
593 2589 688 2652 quam
721 2570 755 2636 in
786 2570 941 2636 eiusmodi
971 2570 1164 2637 exsecrandi
1194 2569 1342 2637 formulis

165 2679 341 2746 observare
365 2677 458 2744 licet:

212 2785 262 2851 11.
285 2784 381 2851 Most.
406 2785 470 2850 192
493 2784 558 2850 Die
581 2785 727 2866 deaeque
751 2803 861 2851 omnes
883 2804 933 2851 me
956 2784 1115 2866 pessumis

164 2889 361 2972 01001)Βῆ
391 2890 435 2956 B¹
465 2910 525 2957 orn.
549 2893 631 2973 ‘me’3
660 2890 861 2958 Ritschelius
891 2891 945 2956 ‘Di
975 2892 1121 2972 deaeque
1150 2911 1201 2958 me
1231 2910 1341 2958 omnes

165 2997 341 3080 pessumis
365 3035 407 3045 —
432 2996 668 3066 Convertamur
690 3017 750 3064 nos
773 2999 816 3064 ad

255 3247 296 3313 Π.
320 3248 535 3330 spondeorum
559 3250 709 3328 exempla
732 3266 773 3312 ex
797 3246 946 3313 Terentii
969 3246 1092 3314 fabulis
1116 3252 1253 3331 sumpta

165 3427 214 3493 Ac
238 3425 373 3509 primum
399 3425 529 3506 quidem
551 3429 641 3491 stare
666 3424 778 3506 nequit
802 3425 959 3491 librorum
982 3426 1146 3508 scriptura

210 3534 261 3598 12.
283 3533 386 3599 Andr.
409 3534 471 3597 221
499 3582 705 3599 ..........
728 3530 792 3600 fuit
815 3531 893 3598 olim
917 3531 1049 3614 quidam
1072 3551 1171 3598 senex

162 3638 400 3707 Fleckeisenus
424 3642 459 3704 et
481 3637 648 3704 Dniatuko
670 3637 858 3705 Bentleium
881 3638 985 3705 secuti
1009 3644 1100 3706 recte
1123 3640 1338 3723 scripserunt:

161 3749 179 3814 ⁴.
194 3798 223 3814 ..
247 3745 326 3814 olim
349 3745 426 3810 binc
448 3744 578 3827 quidam
601 3745 719 3814 senex'.

164 3856 214 3920 13.
238 3853 352 3935 Neque
375 3851 458 3919 satis
476 3857 606 3919 constat
623 3852 722 3920 lectio
742 3853 776 3918 in
795 3852 948 3935 Hecyrae
968 3873 998 3921 v.
1017 3855 1092 3936 487,
1115 3853 1171 3919 ubi
1190 3855 1338 3922 Donatus

161 3961 260 4045 legit:
284 3962 300 4025 ‘.
316 4011 345 4025 ..
369 3978 467 4043 saepe
491 3959 640 4026 meritam
664 3961 750 4042 quod
773 3961 894 4026 vellem
918 3959 1009 4042 sci0’3
1037 3960 1116 4027 libri
1139 3965 1247 4028 autem
1271 3968 1338 4028 tra·

163 4069 257 4136 dunt:
284 4070 322 4134 ‘..
347 4068 434 4149 quod
461 4068 580 4135 vellem
609 4066 757 4133 meritam
784 4064 871 4132 soio'.
922 4067 968 4132 Et
996 4085 1067 4134 oum
1080 4159 1081 4162 Ἴ
1095 4068 1129 4134 in
1157 4087 1255 4138 versu
1283 4069 1338 4151 qui
