3014 4642
638 218 859 282 ..40-

162 414 251 480 locos
283 418 334 479 est
366 412 547 495 conspicua.
603 411 798 494 ceteroquin
831 412 961 494 saepius
994 411 1167 494 usurpavit
1195 412 1336 478 Plautus

163 521 373 604 ‘praedicare'
396 519 430 587 in
453 539 604 589 versuum
627 521 691 586 fine
711 539 783 586 cum
801 519 1028 586 coniunctione
1048 519 1166 600 quavis
1186 518 1337 585 coniunc-

164 635 240 712 tum,
263 626 349 694 sicut

261 734 378 800 Pseud.
405 737 466 801 192
567 740 740 802 commutet
760 754 874 817 meque
895 742 933 801 ut
950 735 1124 817 praedicet

262 842 360 909 Mero.
385 843 449 908 513
472 841 541 908 Nec
563 862 631 908 mos
654 846 760 910 meust
782 849 818 909 ut
841 842 1025 924 praedicem

216 1042 245 1105 4.
273 1038 329 1105 De
352 1037 576 1119 spondiacis
598 1036 760 1103 vocibus
784 1038 829 1104 ob
854 1035 1191 1119 interpunctionis
1213 1035 1290 1100 vim

573 1197 575 1200 Α
652 1143 858 1210 excusatis.

254 1270 322 1336 Iam
346 1268 429 1335 illud
456 1269 663 1351 perspicuum
690 1275 742 1335 est
769 1276 884 1350 poetas
911 1270 1091 1350 spondiaca
1118 1268 1280 1336 vocabula
1306 1268 1340 1333 iu

166 1377 267 1445 tertio
290 1396 312 1445 a
333 1376 397 1443 fine
421 1378 494 1442 loco
513 1376 577 1442 sibi
596 1375 781 1459 indulsisse,
805 1395 889 1458 quae
907 1375 1060 1460 graviore
1079 1374 1343 1457 interpunctione

166 1486 208 1552 ab
238 1483 361 1552 ultimis
391 1484 517 1550 duobus
547 1483 684 1565 pedibus
714 1483 954 1565 separaverint.
1008 1482 1112 1566 Quam
1143 1482 1342 1549 sententiam

167 1593 231 1659 iam
266 1612 286 1658 a
315 1592 523 1674 Brugmanno
558 1593 728 1672 probatam
760 1591 792 1676 (l.
821 1611 845 1656 s.
874 1612 904 1673 p.
929 1590 986 1677 32)
1021 1591 1174 1656 Klotzius
1204 1589 1254 1656 ita
1286 1608 1341 1654 ex·

167 1699 319 1783 plauavit
342 1700 377 1780 (l.
401 1719 424 1764 s.
448 1719 477 1780 p.
501 1697 594 1783 331):
627 1698 748 1764 ‘Andre
772 1696 882 1764 bisher
904 1697 996 1763 nicht
1019 1696 1214 1781 angefdhrte
1238 1696 1342 1778 Spon-

167 1808 250 1874 deen
279 1806 388 1872 finden
415 1805 704 1890 Eutschuldigung
733 1805 839 1885 daria,
873 1805 948 1872 dass
978 1804 1026 1871 sio
1056 1805 1088 1870 in
1121 1804 1225 1870 einem
1257 1803 1344 1869 drei-

167 1913 311 1998 silbigen
340 1914 466 1979 knrzeu
494 1911 573 1979 Satz
602 1931 667 1980 von
697 1914 789 1978 einer
817 1913 942 1978 Person
972 1912 1177 1994 gesproohon
1206 1912 1343 1978 wurrdeu

167 2021 233 2087 und
261 2040 297 2087 so
324 2039 410 2104 ganz
437 2019 546 2085 isolirt
573 2020 664 2085 siud’
711 2017 805 2101 Quod
829 2018 950 2085 attinet
978 2020 1020 2084 ad
1044 2023 1197 2100 quartum
1219 2017 1344 2084 senarii

168 2128 292 2210 pedem,
315 2127 400 2193 hanc
423 2126 614 2208 explicandi
637 2126 796 2193 rationem
822 2145 887 2193 nou
909 2130 1037 2192 tantum
1056 2127 1167 2193 valere
1185 2129 1343 2206 quantum

168 2235 227 2301 ills
255 2233 322 2300 sibi
348 2233 445 2299 finxit
471 2233 711 2318 intellegemus.
757 2234 851 2300 Haec
879 2233 966 2299 enim
994 2233 1142 2314 exempla
1165 2231 1266 2298 velim
1293 2251 1345 2298 re·

169 2361 304 2426 spumas:

267 2449 363 2515 Most.
388 2449 452 2514 595
484 2449 558 2513 Nou
588 2449 659 2532 dat,
689 2467 754 2515 non
783 2449 891 2514 debet.
921 2445 933 2536 ΗΗ
963 2447 1036 2514 Non
1059 2447 1177 2513 debet?
1208 2445 1220 2534 ΗΗ
1249 2443 1343 2536 Ne[c]

327 2576 388 2640 pop
411 2554 550 2636 quidem.

268 2664 367 2730 Poon.
386 2663 451 2728 480
475 2662 594 2747 Perge:
618 2667 748 2743 optume
771 2663 885 2728 hercle
906 2661 1063 2743 periuras.
1102 2661 1188 2746 Quid
1208 2659 1345 2743 postea?

268 2770 353 2836 Men.
368 2770 432 2835 623
458 2769 554 2835 Certe
572 2768 786 2836 familiarium
805 2768 931 2850 aliquoi
949 2768 1071 2836 irata’s.
1098 2766 1110 2856 ΗΗ
1135 2769 1250 2852 Nugas
1264 2767 1345 2851 agis.

225 2937 228 2943 .
269 2877 371 2943 Andr.
387 2877 449 2943 767
475 2875 648 2942 Ofacinus
667 2876 1007 2944 animadvertendum!
1032 2873 1044 2964 ΗΗ
1068 2874 1155 2959 Quid
1173 2874 1346 2941 clamitas?

269 2983 393 3052 Novius
409 2984 472 3049 115
497 2982 621 3067 Quanti
641 2983 829 3050 addictust?
846 3020 888 3031 -
902 2983 998 3049 Mille
1013 2994 1183 3049 nummum.
1197 3018 1241 3029 -
1255 2980 1346 3048 Nihil

333 3090 433 3156 addo:
457 3091 556 3156 ducas
580 3089 662 3156 licet

269 3197 354 3264 Rud.
376 3198 460 3263 1423
484 3249 602 3264 ......
626 3201 777 3264 cenatote
798 3198 899 3265 ambo.
925 3195 938 3285 ΗΗ
963 3196 1051 3263 Fiat.
1073 3196 1229 3263 Plausum
1255 3196 1346 3262 date!

262 3308 372 3386 Atque
390 3302 487 3371 Most.
507 3306 572 3370 595
596 3323 705 3370 omnes
722 3303 886 3388 integrum
905 3303 1125 3385 reliquerunt3
1150 3322 1257 3385 neque
1275 3305 1346 3369 ullo

173 3412 266 3478 modo
289 3410 475 3477 traicienda
498 3430 569 3477 esse
587 3412 691 3477 verba
713 3429 772 3493 per
794 3430 830 3477 se
854 3413 972 3493 elucet,
995 3409 1154 3492 siquidem
1177 3409 1294 3477 ‘debet’
1312 3409 1347 3475 in

174 3518 284 3584 eadem
309 3517 440 3600 syllaba
462 3517 514 3584 bis
538 3518 716 3583 acuendum
738 3522 838 3600 poeta
861 3519 902 3584 de
924 3517 1087 3583 industria
1106 3516 1244 3600 defugit.
1283 3516 1347 3583 Sed

173 3625 206 3690 in
225 3626 324 3691 Poen.
344 3625 411 3690 480-
431 3624 595 3691 nonnullis
618 3630 803 3707 suspectum
826 3630 878 3692 est
896 3625 1092 3692 vocabulum
1115 3624 1150 3690 in
1168 3625 1348 3706 spondeum

174 3731 340 3814 deficiens,
374 3751 565 3813 quamquam
592 3731 718 3799 codices
746 3733 916 3814 paululum
943 3732 1166 3798 tantummodo
1196 3731 1284 3797 inter
1313 3749 1348 3796 so

175 3837 363 3905 differente·
397 3840 478 3905 haec
512 3841 665 3921 prabent:
709 3840 739 3904 A
769 3838 934 3921 ‘periuras'
968 3839 1056 3905 Pall.
1094 3838 1123 3904 B
1153 3839 1220 3919 ‘per
1249 3838 1348 3904 iuras’
1418 3908 1420 3912 ,

176 3945 304 4027 G‘peri
327 3952 420 4012 uras’.
470 3946 645 4030 Ussingius
673 3951 781 4012 autem
809 3964 868 4011 nos
895 3952 1031 4015 revocat
1058 3946 1099 4011 ad
1125 3947 1180 4013 As.
1205 3946 1269 4013 293
1298 3944 1348 4031 (in

175 4055 224 4120 ed.
239 4054 349 4120 Plaut.
368 4051 432 4122 fab.
447 4052 509 4121 vol.
524 4052 581 4138 IV,
602 4054 621 4117 2
641 4053 684 4120 ad
700 4073 729 4121 v.
746 4050 833 4141 291),
857 4052 912 4138 qni
930 4051 977 4123 sio
992 4051 1200 4122 terminatur:
1224 4052 1350 4138 ‘lingua
