3014 4642
642 237 866 302 „39-

166 428 296 512 quidem
325 429 481 498 libmrum
512 430 735 515 discrepantia
763 432 928 500 fulciatur.
981 434 1031 500 Ac
1058 435 1162 501 verba
1191 443 1276 501 sane
1300 453 1342 500 ex

165 536 287 620 optimo
300 537 458 605 Plautino
477 545 554 605 sunt
567 538 698 606 dicendi
711 558 780 623 usn,
803 539 837 607 id
857 542 944 623 quod
964 545 1108 609 testatur
1125 541 1199 608 hice
1214 559 1341 610 versus:

266 645 362 728 Epid.
382 646 447 712 624
474 645 580 713 Estne
603 646 794 732 consimilis,
822 647 915 730 quasi
942 667 1037 731 quom
1065 647 1192 734 signum
1217 647 1342 730 pictum

325 755 441 835 pluere
464 753 632 836 aspexeris

164 859 385 953 ‘consimilest'
407 861 492 928 idem
517 861 661 929 occurrit

264 965 380 1050 Amph.
400 969 464 1034 443
485 1019 604 1036 ......
628 972 695 1034 tarn
719 967 920 1035 consimilest
942 975 1042 1050 atque
1066 990 1127 1055 ego

263 1075 348 1142 Men.
374 1075 460 1141 1063
585 1082 654 1143 tam
676 1073 877 1144 consimilest
900 1095 994 1158 quam
1017 1082 1128 1160 potest

164 1181 286 1248 Verum
310 1180 344 1248 in
367 1181 542 1249 Asinariae
565 1204 594 1252 v.
620 1184 684 1249 800
711 1201 754 1249 ne
777 1183 1005 1268 Bragmannus
1033 1184 1161 1266 quidem
1190 1184 1340 1268 spondia-

164 1307 235 1355 cam
264 1307 376 1356 vocem
404 1287 439 1354 in
465 1289 682 1372 suspicionem
710 1291 874 1357 adducere
902 1297 1040 1357 conatur
1067 1292 1107 1358 ob
1136 1291 1222 1358 hanc
1244 1310 1341 1373 prae-

164 1394 260 1479 cipue
293 1414 437 1481 causam,
470 1395 547 1478 quia
581 1396 669 1478 „alia
701 1397 873 1464 verborum
906 1396 1083 1464 collocatio
1115 1397 1244 1465 omnino
1276 1417 1342 1465 non

164 1504 244 1569 data
274 1507 343 1568 ast“
374 1502 419 1589 (p.
442 1505 507 1590 32).
558 1503 623 1571 Sed
651 1521 754 1585 quare
782 1502 916 1589 gravior
944 1505 1168 1587 interpunctio
1196 1506 1340 1588 spondeo

164 1607 408 1676 excusationem
436 1611 615 1694 paraverit,
642 1629 799 1693 nusquam
829 1611 993 1694 explanat.
1040 1612 1109 1678 Iam
1137 1611 1242 1696 igitur
1269 1631 1340 1680 cum

163 1735 270 1799 neque
301 1715 435 1783 Klotzio
471 1736 578 1799 neque
610 1720 821 1801 Bragmanno
859 1717 1036 1800 astipulari
1068 1718 1241 1804 possimus,
1276 1719 1340 1802 ipsi

162 1823 411 1905 videamusque
429 1823 518 1891 iusta
535 1825 666 1892 ratione
685 1826 872 1892 excusanda
890 1825 957 1892 sint
975 1826 1154 1908 spondiaco
1167 1828 1341 1895 vocabula.

253 1932 303 1996 Ac
334 1949 406 1997 mea
436 1931 567 2012 quidem
597 1931 762 1999 sententia
792 1933 834 1998 ad
861 1951 929 1998 rem
957 1931 1051 2016 facit,
1081 1935 1167 2014 qnod
1193 1932 1244 1999 illi
1273 1933 1340 2002 loci

164 2057 274 2105 omnes
307 2039 392 2104 hanc
423 2058 504 2120 prae
536 2057 571 2104 se
602 2038 714 2106 ferunt
746 2038 990 2106 similitudinem
1026 2044 1064 2106 ut
1096 2039 1339 2108 coniunctiones

106 2197 109 2201 .
163 2146 331 2227 verbaque
355 2149 427 2210 arte
452 2163 575 2212 conexa
598 2146 730 2213 ultimos
754 2147 835 2212 duos
857 2148 957 2228 pedes
976 2149 1218 2229 amplectantur
1234 2165 1340 2228 neque

164 2253 237 2318 ulla
257 2251 455 2318 dirimantur
474 2271 555 2319 voce
574 2252 812 2339 interposita1).
857 2253 901 2318 nt
925 2270 996 2318 cum
1019 2255 1120 2336 plane
1144 2256 1340 2322 concordent

164 2358 371 2443 grammatici
393 2362 633 2441 metrorumque
656 2358 750 2442 ictus,
773 2358 873 2425 facile
896 2358 1022 2426 numeri
1046 2365 1188 2428 currunt.
1234 2360 1339 2428 Unius

162 2464 268 2550 igitur
298 2465 452 2534 vocabuli
479 2465 586 2532 instar
615 2485 687 2532 esse
717 2466 820 2534 verba
851 2484 935 2548 qnae
963 2466 1022 2533 hos
1049 2467 1150 2549 pedes
1180 2476 1340 2552 occupant

164 2572 386 2656 confiteberis
410 2593 474 2655 qua
497 2574 539 2640 de
563 2592 661 2640 causa
683 2572 902 2655 suspicionem
920 2591 1105 2643 moveamus
1122 2594 1188 2642 non
1206 2593 1350 2642 necesse·

164 2686 217 2745 est
244 2681 284 2746 de
312 2681 498 2763 spondiacis
525 2680 661 2749 vocibus
688 2680 885 2748 intertium
912 2701 933 2746 a
956 2680 1020 2748 fine
1043 2683 1159 2764 pedem
1185 2683 1339 2764 receptis.

163 2787 274 2868 Atque
293 2806 460 2870 perperam
481 2788 636 2855 turbasse
655 2789 827 2854 verborum
849 2786 993 2853 ordinem
1012 2788 1168 2855 Bothium
1185 2789 1338 2871 arbitror,

164 2893 220 2976 qui
250 2894 298 2960 sic
333 2894 539 2977 transposuit
573 2894 627 2981 (ci.
651 2895 775 2961 Leonis
803 2893 866 2979 ed.)
900 2894 997 2961 l'ruc.
1021 2896 1098 2960 482:
1131 2898 1147 2958 ⁴.
1166 2947 1172 2959 .
1188 2947 1218 2962 ..
1249 2914 1338 2962 meas

163 3002 240 3068 dum
264 3021 392 3086 pugnas
414 3003 619 3085 praedicem’.
656 3003 727 3087 Ego
748 3001 885 3085 quidem,
909 3001 987 3083 quin
1006 3001 1145 3069 Plautus
1168 3002 1339 3085 scripserit

164 3127 204 3176 ea
231 3128 315 3190 quac
341 3107 419 3175 libri
446 3110 618 3194 exhibent,
646 3111 760 3176 nullus
788 3108 903 3175 dubito
931 3128 1003 3176 cum
1030 3111 1116 3176 hunc
1138 3108 1338 3192 potissimum

162 3235 293 3284 versum
317 3222 475 3300 spectem,
503 3217 595 3284 cuins
618 3217 652 3284 in
675 3219 789 3284 eodem
815 3217 898 3299 pede
921 3216 988 3283 sibi
1015 3216 1204 3299 permiserit
1226 3235 1337 3284 vocem

162 3328 342 3405 anapaesto
366 3324 586 3391 terminatam:

261 3429 356 3512 Epid.
380 3431 445 3497 446
469 3431 550 3497 Nam
573 3431 750 3497 strenuiori
774 3430 917 3497 deterior
941 3431 969 3496 si
988 3429 1160 3512 praedicat

162 3555 257 3618 quem
284 3535 370 3604 idem
399 3536 539 3604 Bothius
567 3537 764 3620 depravavit
792 3542 906 3605 contra
934 3536 1078 3603 codicum
1112 3541 1147 3603 et
1173 3536 1338 3603 Prisciani

161 3644 202 3730 (1.
226 3665 255 3727 p.
282 3645 323 3710 86
347 3644 394 3731 H)
421 3644 515 3712 fidem
540 3643 587 3710 sic
615 3643 787 3711 scribendo
811 3643 849 3709 ‘si
872 3641 1018 3710 deterior
1040 3642 1228 3725 praedicat’.
1268 3644 1337 3712 Nec

161 3771 227 3818 non
255 3752 481 3838 Brugmannns
509 3752 666 3819 Bothinm
695 3757 827 3818 secutus
854 3751 939 3818 hanc
966 3751 1180 3817 mutationem
1208 3749 1337 3832 accepit

162 3861 195 3946 (l.
210 3878 236 3926 a
250 3878 280 3940 p.
295 3859 351 3943 51)
375 3858 593 3927 similitudine
611 3878 744 3942 prorsus
764 3862 918 3944 neglecta
936 3858 1000 3925 illa
1018 3875 1101 3939 quae
1118 3857 1206 3924 inter
1225 3859 1336 3924 ambos

251 4092 272 4161 ²)
292 4089 332 4144 ‘si'
342 4089 517 4160 procliticam
531 4106 588 4143 esse
601 4088 768 4158 particulam
783 4105 816 4142 ex
827 4086 880 4156 ‘sis,
894 4087 982 4143 sultis'
996 4085 1194 4143 dilucidissime
1208 4089 1334 4158 apparat.
