3014 4642
667 247 910 311 -100-

303 442 394 507 Pers.
417 442 481 507 385
501 441 598 523 Tace,
617 441 729 508 stulta.
752 459 818 507 non
835 445 873 507 tu
892 459 978 506 nunc
990 439 1152 506 hominum
1167 459 1272 507 mores
1286 440 1383 507 vides

205 547 431 630 Suspicionem
457 552 568 617 movet
598 549 639 614 ob
667 549 788 613 malam
817 566 1000 628 caesuram3
1033 546 1194 630 rhythmis
1221 547 1383 614 succurrit

205 656 433 738 Brugmauuus
471 654 507 741 (l.
538 675 562 720 s.
597 675 624 737 p.
653 655 710 741 41)
744 655 793 721 ita
825 653 1003 721 coniciens:
1039 656 1047 689 ‘
1049 704 1167 723 ......
1199 674 1265 722 non
1295 673 1382 721 nunc

205 761 366 828 hominurn
389 767 426 828 tu
447 782 551 829 morer
569 762 681 830 vides’.
718 761 784 828 Sed
807 760 977 844 scripseris
1000 779 1065 837 non
1088 761 1193 828 minus
1216 761 1286 828 leni
1303 779 1382 827 usus

205 868 474 951 transpositione:
511 870 608 935 ‘Tace
641 871 754 935 stulta
792 886 856 935 non
894 887 981 935 nunc
1017 866 1054 934 tt
1084 868 1247 935 himinum
1276 887 1383 935 mores

205 975 316 1044 vides’.

304 1082 384 1148 Hoc,
408 1083 470 1148 561
501 1082 688 1149 Peccatum:
718 1083 860 1165 aderam,
888 1081 1001 1163 quoius
1030 1080 1168 1148 consilio
1191 1100 1251 1162 par
1272 1080 1384 1148 fuerat

1178 1208 1218 1255 ea
1240 1188 1384 1271 prospici

205 1295 369 1362 Dziatako
392 1295 509 1362 intulit
536 1300 748 1378 anapaestum
778 1301 896 1362 contra
923 1296 1062 1362 omnium
1085 1295 1246 1362 librorum
1268 1296 1382 1362 fidem:

205 1404 237 1469 A
259 1402 632 1484 ‘EAPARFVERAT'3
656 1402 728 1468 rell.
752 1402 870 1470 ‘fuerat
893 1421 933 1468 ea
955 1404 1032 1485 par'.

205 1511 246 1577 In
268 1510 398 1577 Phorm.
416 1529 447 1578 u.
468 1511 531 1576 190
552 1509 744 1594 ambigimus
769 1511 927 1591 quomodo
948 1511 1124 1594 legendum
1142 1509 1199 1592 sit;
1218 1510 1383 1578 Daiatzko

206 1623 240 1684 et
261 1617 391 1684 Hsuler
413 1616 518 1683 libros
541 1616 645 1683 secuti
668 1617 718 1682 sic
741 1616 901 1683 scribunt:

294 1726 316 1788 ‘.=
326 1774 508 1792 .........
532 1728 632 1806 atque
650 1723 727 1791 hinc
745 1743 795 1790 me
819 1724 1000 1790 conicerem
1023 1724 1186 1808 protinam
1210 1724 1245 1791 in
1268 1724 1380 1806 pedes'

206 1831 317 1916 (codd:
350 1830 529 1912 protinus’3
560 1833 619 1897 sed
651 1830 692 1896 cf.
725 1850 808 1913 quae
837 1834 977 1898 adnotat
1003 1815 1170 1898 Haulerus
1203 1833 1246 1898 ad
1272 1832 1302 1897 h.
1326 1830 1383 1916 u).

205 1939 259 2004 Ad
285 1937 370 2004 hanc
397 1937 565 2004 metricam
592 1937 798 2005 offensionem
826 1938 932 2005 altera
961 1938 1091 2005 'accedit
1116 1941 1154 2004 ut
1181 1943 1381 2021 anapaestus

205 2049 384 2127 anapaesto
407 2044 593 2126 excipiatur
617 2044 671 2131 (cf.
695 2045 887 2112 Kraussium
911 2047 946 2111 in
969 2065 1048 2114 mus.
1070 2045 1174 2113 Rhen.
1197 2048 1263 2113 vol.
1287 2045 1382 2112 VIIL

208 2155 293 2219 1853
331 2173 360 2236 p.
393 2155 481 2239 550).
549 2152 681 2219 Bentlei
718 2159 827 2219 autem
873 2152 1162 2236 transpositionem
1208 2153 1381 2236 ‘protinam

206 2259 386 2326 conicerem
417 2259 453 2326 in
483 2261 523 2341 p.'
546 2258 604 2327 vix
635 2260 844 2342 probabimus
871 2261 957 2326 hunc
990 2279 1119 2327 versum
1151 2258 1381 2342 respicientes:

206 2366 326 2432 Bacch.
360 2368 425 2432 374
462 2367 478 2432 ‘.
493 2417 499 2430 .
515 2417 544 2431 ..
583 2365 705 2433 contuli
737 2365 903 2449 protinam
938 2366 973 2432 in
1009 2369 1126 2449 pedes’.
1182 2365 1247 2434 Sed
1284 2366 1382 2432 metri

205 2471 322 2538 vidum
351 2472 385 2538 in
416 2472 545 2539 Phorm.
575 2474 639 2538 199
672 2460 708 2538 ut
739 2474 910 2554 tollamus,
945 2473 993 2540 sic
1024 2473 1165 2540 traicere
1196 2492 1382 2557 possumus:

206 2580 214 2612 ‘
215 2629 312 2644 .....
327 2583 425 2659 atque
448 2577 524 2643 hinc
547 2579 730 2645 conicerem
753 2599 803 2644 me
826 2580 990 2661 protinam
1012 2580 1048 2646 in
1070 2582 1187 2662 pedes’.
1233 2581 1381 2647 Eandem

206 2684 290 2751 enim
323 2704 490 2752 caesuram
526 2685 680 2752 habemns
717 2686 845 2754 Phorm.
877 2689 940 2753 199
972 2689 1045 2753 327.
1091 2686 1248 2754 Similiter
1278 2688 1383 2755 verba

206 2791 379 2862 distribuit
400 2791 527 2858 Ennius
555 2811 585 2874 p.
612 2794 684 2876 149,
709 2794 772 2858 183
799 2792 906 2860 Vahl.:
934 2795 950 2857 ⁶.
965 2845 972 2858 .
988 2844 1016 2858 ..
1041 2793 1220 2876 derepente
1242 2794 1383 2861 contulit

206 2917 279 2965 sese
301 2896 334 2963 in
358 2899 475 2980 podes'.

206 3003 315 3088 Magis
333 3009 443 3071 autem
461 3003 602 3072 inclinat
618 3005 745 3072 animus
764 3012 802 3071 ut
817 3005 1007 3072 Terentium
1024 3005 1253 3089 pronuntiasse
1268 3007 1382 3090 opiner

206 3113 222 3177 ‘.
237 3162 268 3178 ..
292 3108 472 3178 odnicerem
491 3110 652 3193 protinam
675 3111 711 3177 in
730 3113 847 3194 pedes’.
885 3114 1032 3196 Namque
1055 3133 1135 3180 sane
1158 3116 1278 3180 adsunt
1300 3113 1382 3180 talis

205 3217 483 3300 pronuntiationis
506 3217 663 3302 vestigia3
687 3217 836 3286 conferas
860 3221 961 3289 velim

304 3326 388 3392 Rud.
413 3327 476 3390 769
491 3375 700 3391 ..........
719 3326 823 3392 barba
846 3326 1010 3410 arripiam,
1033 3327 1067 3393 in
1090 3325 1197 3411 ignem
1222 3325 1382 3394 odniciam

304 3432 402 3498 Mero.
426 3433 490 3498 932
613 3429 710 3514 Quin,
732 3434 843 3517 pedes,
866 3453 926 3500 vos
949 3434 985 3500 in
1010 3435 1206 3502 curriculum
1230 3432 1381 3502 obnioitiu

206 3538 261 3624 (cf.
285 3538 431 3621 Lindsay
454 3539 475 3603 l.
499 3557 524 3604 s.
547 3558 576 3619 p.
602 3538 689 3623 225).

206 3645 334 3712 Deinde
363 3644 461 3712 simili
489 3644 630 3712 fortasse
663 3645 849 3728 explicandi
879 3647 1008 3714 ratione
1040 3649 1090 3714 uti
1118 3648 1197 3715 licet
1224 3648 1258 3714 in
1289 3649 1381 3717 hisce

206 3753 374 3834 exemplis:

304 3859 424 3925 Bacch.
448 3860 512 3924 144
530 3911 649 3927 ......
665 3878 728 3941 quo
752 3859 886 3929 eveniat
908 3861 957 3926 dis
980 3860 1016 3927 in
1038 3867 1167 3929 manust

305 3965 384 4031 ibid.
406 3966 470 4031 348
490 4017 585 4032 .....
605 3972 643 4032 ut
665 3967 855 4036 conveniam
879 3974 1034 4049 quantum
1057 3973 1168 4050 potest

305 4071 397 4138 Cure.
422 4073 485 4137 271
506 4121 604 4140 .....
622 4072 685 4138 tibi
714 4074 849 4142 eveniat
875 4093 1025 4161 magnum
1048 4074 1165 4142 malum
