3014 4642
736 245 958 310 -36-

357 441 473 507 Hautt.
497 442 562 506 299
586 438 734 521 Capillus
756 457 859 520 pexus
882 438 1029 520 prolixus
1053 438 1174 506 circum
1197 445 1298 521 caput

379 612 408 676 3.
436 610 492 675 De
514 609 730 692 particulis
754 608 1023 676 coniunctivis
1047 608 1324 690 adverbiisqne

260 726 375 810 refero,
395 744 478 808 quae
492 725 640 809 Lindsay
653 725 884 808 pronuntiavit
901 724 938 810 (l.
954 744 977 791 s.
993 746 1020 807 p.
1039 727 1102 790 194
1110 723 1149 811 7);
1174 725 1275 807 „Deis
1295 725 1349 790 dio
1370 723 1436 790 ein·

261 833 404 918 silbigeu
417 832 688 916 Konjunktionen
706 833 750 899 ‘et
764 833 830 898 sed'
848 851 878 897 u.
893 834 963 915 dgl.
982 831 1228 899 Satzenklitika
1246 850 1367 912 waren,
1388 851 1436 896 or-

261 941 338 1025 gibt
355 941 427 1006 sich
445 938 584 1006 -falls
603 940 673 1006 dies
692 940 878 1021 uberhaupt
896 941 987 1006 eines
1002 940 1167 1006 Bewoises
1185 937 1305 1006 bedari
1315 976 1360 986 -
1378 957 1436 1006 aus

262 1049 336 1114 dem
353 1047 502 1115 Versban
526 1049 585 1113 der
603 1048 694 1114 alten
708 1047 932 1129 Dramatiker‚
954 1047 1008 1114 bei
1030 1049 1135 1114 denen
1160 1047 1251 1113 diese
1269 1046 1438 1130 Konjunk-

261 1155 373 1222 tioneu
391 1155 426 1221 in
440 1156 501 1221 der
513 1154 619 1239 Regel
638 1154 673 1220 in
687 1155 750 1221 deu
764 1153 962 1238 Scnlrungen
978 1154 1094 1221 stehen
1109 1155 1174 1220 und
1190 1153 1311 1220 keiueu
1326 1148 1438 1219 metri-

262 1263 362 1328 schen
379 1262 471 1328 Ictus
490 1262 671 1328 erhalten“.
703 1259 847 1344 Quarum
866 1260 1058 1327 encliticam
1075 1265 1226 1338 naturam
1245 1260 1368 1342 optime
1387 1277 1437 1325 co·

262 1367 447 1453 gnosoimus
466 1387 507 1434 ex
521 1367 679 1450 exemplis
692 1367 797 1436 veluti
811 1369 886 1434 ‘non
899 1370 1026 1450 nullus;
1045 1386 1107 1434 nec
1125 1374 1229 1449 recte;
1249 1368 1336 1433 bene
1354 1366 1437 1448 dico;

262 1476 349 1540 male
376 1472 501 1560 uico’1).
545 1473 709 1555 Imprimis
736 1477 846 1540 autom
874 1475 1104 1540 memorandae
1133 1477 1211 1538 suut
1239 1473 1439 1557 negationes,

263 1601 346 1664 quae
363 1600 594 1662 nonnunquam
617 1581 660 1647 ad
679 1582 815 1649 verbum
835 1581 886 1647 cui
905 1580 1110 1648 subiciuntur
1131 1580 1181 1646 ita
1203 1599 1239 1646 se
1261 1580 1438 1663 applicant,

263 1695 300 1755 ut
327 1707 425 1754 unum
452 1694 610 1755 nascatur
636 1689 832 1756 vocabulum
860 1688 946 1755 sicut
972 1690 1072 1770 holo,
1101 1687 1254 1772 neolego’.
1301 1688 1353 1753 Ex
1377 1687 1438 1753 tali

237 1795 367 1881 -igitur
394 1796 567 1864 verborum
596 1800 670 1862 arta
698 1794 905 1878 copulatione
937 1797 1036 1877 plane
1066 1795 1186 1861 iustam
1213 1813 1331 1877 parare
1359 1794 1439 1860 licet

263 1902 506 1969 excusationem
534 1901 721 1984 spondiaois
744 1902 882 1970 vocibus
908 1902 943 1967 iu
970 1901 1060 1968 hisce
1088 1901 1179 1984 locis,
1207 1919 1342 1982 quorum
1370 1901 1438 1968 alia

264 2008 440 2091 explicatio
462 2027 527 2075 nou
551 2014 672 2074 exstat:

360 2115 478 2198 Amph.
498 2116 563 2182 683
587 2114 641 2182 Sic
665 2116 792 2182 salutas
810 2122 910 2196 atque
929 2117 1092 2199 appellas,
1115 2117 1210 2197 quasi
1230 2116 1350 2182 dudum

423 2240 488 2289 uon
510 2221 635 2291 rideris

362 2330 447 2396 Meu.
466 2332 531 2395 499
554 2328 667 2396 Etiam
691 2330 831 2412 derides,
854 2330 947 2411 quasi
971 2349 1086 2397 nomeu
1109 2319 1173 2397 n'on
1197 2328 1351 2414 gnoveris

264 2437 327 2503 His
349 2435 492 2503 fortasse
514 2441 607 2502 recte
630 2437 762 2504 adderis

364 2543 435 2608 Mil.
460 2544 524 2609 715
558 2543 650 2609 Bona
672 2563 744 2610 mea
767 2543 908 2611 inhiant:
938 2564 988 2611 me
1012 2544 1161 2610 certatim
1184 2544 1352 2611 nutricant

425 2657 459 2717 et
480 2657 654 2717 munerant

266 2759 415 2824 Ceterum
442 2757 477 2824 in
499 2759 561 2824 hoc
585 2777 682 2825 versu
709 2764 809 2841 poeta
832 2760 890 2826 vix
917 2760 1081 2842 potuisset
1108 2759 1285 2842 spondeum
1312 2759 1438 2830 evitare

264 2870 399 2948 propter
421 2865 618 2931 artissimum
641 2868 811 2950 longorum
831 2869 1004 2933 verborum
1023 2885 1180 2934 conexum
1204 2867 1385 2933 ‘nutricant
1406 2873 1440 2934 et

264 2972 455 3039 muueraut’.
501 2971 655 3038 Ordinem
683 2977 792 3038 autem
819 2975 992 3040 vorborum
1020 2975 1197 3058 genuinum
1221 2975 1263 3040 ad
1286 2993 1346 3041 uos
1368 2994 1439 3057 per·

265 3082 369 3146 latum
393 3097 464 3145 esse
487 3078 572 3145 hieu.
591 3080 656 3144 499
680 3083 716 3145 et
737 3078 808 3145 Mil.
828 3080 891 3146 715
920 3081 1147 3146 Palatinorum
1168 3079 1439 3162 Ambrosianique

265 3185 424 3252 librorum
461 3190 661 3270 congruente
693 3185 878 3252 testimonio
910 3187 1120 3253 confirmatur
1156 3186 1285 3272 (Amph.
1316 3189 1381 3254 683
1410 3189 1439 3252 A

267 3293 391 3380 deest).
428 3291 501 3376 Qua
524 3294 565 3359 de
590 3311 688 3359 causa
710 3294 887 3375 spondeum
907 3313 948 3360 ex
965 3293 1030 3360 illa
1048 3297 1125 3361 sedo
1145 3314 1209 3361 uon
1228 3296 1439 3378 depellamus

265 3398 481 3466 Ritsohelium
501 3399 606 3484 igitur
627 3399 662 3465 iu
681 3400 766 3466 Men.
784 3402 849 3466 499
873 3420 936 3467 uon
955 3419 1134 3485 sequemur,
1158 3402 1248 3468 ouius
1266 3400 1438 3468 lectionem

268 3504 630 3573 Goetzius-Sohoellius
651 3506 750 3592 (Meu.
770 3508 819 3574 ed.
838 3506 938 3593 1889)
958 3512 992 3572 et
1010 3507 1239 3591 Brugmanuus
1258 3509 1294 3594 (l.
1314 3528 1338 3576 s.
1352 3529 1384 3590 p.
1398 3510 1440 3573 32

267 3611 366 3697 inira)
390 3618 601 3695 acceperuut:
624 3604 752 3680 ‘nomeu'
773 3613 866 3694 quasi
888 3633 953 3680 non
975 3614 1125 3699 noveris’,
1148 3634 1252 3696 neque
1270 3615 1306 3681 iu
1324 3615 1440 3698 Amph.

267 3720 332 3785 683
357 3718 390 3785 O.
413 3719 451 3784 F.
474 3719 526 3785 W.
550 3719 756 3804 Muellerum,
780 3719 836 3802 qui
859 3722 1061 3787 commendat
1083 3721 1181 3807 (pros.
1196 3722 1256 3788 Pl.
1279 3742 1310 3805 p.
1336 3720 1440 3807 loon:

267 3825 371 3907 ‘quasi
388 3844 453 3891 nou
471 3827 589 3892 dudum
610 3827 757 3910 videris’;
780 3827 871 3895 cuius
890 3827 1055 3910 scriptura
1075 3828 1153 3894 milri
1172 3828 1270 3896 valde
1290 3829 1442 3913 displicet

267 3932 462 3999 simillimum
485 3932 675 4014 respicienti
698 3953 828 4002 versum

357 4075 378 4144 1)
398 4073 431 4126 cf.
451 4074 589 4140 huebner,
610 4074 757 4128 ‘Ausiilhrl
779 4074 898 4130 Gramm.
919 4077 944 4130 d.
964 4077 1012 4130 lat.
1032 4076 1101 4146 Spu’
1124 4076 1199 4131 1877.
1219 4076 1239 4132 Ι.
1259 4095 1286 4146 p.
1308 4077 1368 4131 150.
