3014 4642
781 205 1004 271 „13-

305 402 521 486 copulatione,
545 421 627 483 quae
650 401 861 484 polysyllabc
885 401 1047 468 vocabulo
1072 399 1214 466 efficitur
1236 399 1271 465 in
1294 399 1384 466 exitu
1407 418 1482 467 ver-

304 530 394 577 suum
418 509 525 593 posito
533 507 569 594 ¹).
615 507 679 591 Qui
702 507 825 574 iactum
849 506 905 591 sit,
934 513 972 572 ut
994 508 1096 574 verbo
1119 507 1275 588 ampliore
1303 506 1481 588 spondeum

305 618 489 700 excipiente
510 616 702 697 ultimosque
725 617 825 697 pedes
846 615 995 698 amplexo
1014 614 1206 681 tarditatem
1226 633 1339 683 versus
1362 619 1481 695 poetae

304 724 474 793 sublevari
491 723 662 807 senserint,
680 723 851 790 nemodum
864 722 946 790 satis
962 722 1160 788 declaravit.
1188 721 1237 786 Ne
1251 720 1482 804 Brugmannus

305 831 435 913 quidem
464 832 550 897 hanc
579 836 747 913 poetarum
778 830 1042 897 consuetudinem
1073 829 1115 895 ad
1148 828 1305 913 originem
1336 827 1482 908 deduxit,

305 957 499 1021 quamquam
526 939 576 1004 rei
598 938 733 1021 ignarus
760 957 826 1004 non
850 943 911 1018 est;
940 936 1031 1003 euius
1059 938 1162 1003 verba
1189 942 1266 1002 sunt
1292 937 1375 1002 haec
1399 935 1432 1020 (l.
1457 953 1482 1001 s

305 1065 336 1127 p.
356 1044 425 1131 32):
454 1046 584 1111 ‘Tamen
612 1045 709 1111 etiam
733 1046 891 1125 pleraque
919 1044 1065 1126 exempla
1089 1063 1172 1125 qnae
1196 1049 1372 1126 supersunt
1394 1042 1484 1109 simi-

305 1152 384 1217 liter
406 1151 456 1218 ita
478 1170 513 1217 se
538 1152 675 1234 habent,
703 1156 741 1215 ut
768 1150 861 1217 illam
888 1151 1096 1232 spondiacam
1124 1170 1238 1217 vocem
1267 1151 1485 1230 subsequatur

306 1260 450 1342 verbum,
474 1276 536 1339 quo
561 1259 623 1323 dno
642 1257 747 1323 ultimi
768 1258 866 1339 pedes
886 1258 1086 1339 expleantur.
1123 1258 1235 1338 Neque
1259 1258 1382 1341 dubito,
1406 1256 1483 1337 quin

307 1366 388 1431 haec
407 1365 556 1449 legitima
573 1363 675 1431 fuerit
693 1365 880 1431 excusatio’.
911 1363 1056 1447 Quanam
1077 1384 1173 1431 exre
1192 1365 1289 1430 huius
1308 1382 1384 1430 usus
1402 1364 1484 1445 legi-

307 1472 417 1538 timam
441 1490 559 1554 parare
582 1472 681 1538 liceat
700 1472 950 1555 excusationem,
972 1472 1065 1538 nobis
1084 1491 1149 1538 non
1166 1471 1334 1539 indicavit.
1371 1472 1484 1551 Neque

307 1578 471 1663 Klotzins,
500 1583 538 1645 ut
567 1577 645 1644 mihi
672 1579 818 1663 uidetur,
847 1579 1047 1660 probabilem
1079 1578 1332 1660 explicationem
1359 1578 1485 1645 attulit.

309 1686 460 1771 Quidam
484 1685 518 1751 in
536 1685 690 1764 Bursiaui
713 1685 820 1752 annal
844 1686 905 1752 vol.
928 1688 980 1751 48.
1003 1685 1045 1771 (a.
1067 1685 1166 1772 1386)
1190 1707 1222 1768 p.
1246 1688 1318 1766 136,
1342 1705 1412 1752 cum
1436 1685 1486 1751 iu-

309 1792 426 1859 dicium
454 1792 558 1859 ferret
587 1794 628 1857 de
652 1793 704 1858 W.
728 1792 853 1875 Meyeri
881 1791 1112 1859 dissertatione
1136 1792 1273 1859 metrico
1307 1775 1408 1859 ‘iiber
1432 1793 1486 1857 dio

308 1898 546 1982 Beobachtung
569 1900 626 1965 des
649 1900 899 1965 Wortaccentes
927 1900 962 1964 iu
986 1898 1045 1964 der
1067 1898 1334 1965 altlateiuischen
1358 1900 1485 1965 Poesie’

309 2006 473 2092 (Monach.
498 2005 598 2090 1884)
628 2011 743 2071 contra
765 2004 860 2071 illum
888 2024 1039 2090 pugnans
1061 2005 1109 2071 sic
1137 2005 1330 2087 explanavit
1357 2011 1487 2072 seuten-

309 2113 388 2179 tiam
418 2131 522 2179 snam:
559 2114 612 2158 ‘-
642 2110 695 2178 die
724 2113 824 2178 Folle
856 2112 965 2179 haben
999 2112 1152 2178 sdmtlich
1186 2113 1250 2179 den
1279 2112 1375 2179 einen
1402 2112 1486 2179 Ent-

310 2219 665 2303 schuldigungsgrund‚
697 2219 770 2286 dass
798 2219 846 2286 sie
872 2239 933 2288 vor
960 2220 1066 2286 einem
1095 2221 1277 2303 schweren,
1309 2222 1373 2286 deu
1401 2220 1487 2286 Vers

311 2326 549 2393 schlielsenden
572 2326 786 2410 viersilbigen
811 2327 926 2393 Worte
954 2328 1081 2408 stehen3
1112 2328 1166 2392 bei
1194 2327 1353 2393 manchen
1380 2328 1487 2411 gehen

311 2433 395 2500 auch
417 2434 515 2516 lange
534 2432 651 2499 Worte
673 2453 801 2516 vorans
896 2435 933 2517 ja
955 2433 989 2499 in
1012 2434 1105 2500 nicht
1127 2433 1278 2517 wenigen
1300 2453 1364 2501 von
1388 2433 1487 2500 ihnen

311 2540 356 2606 ist
378 2559 478 2624 sogor
501 2539 573 2606 eine
595 2539 836 2624 beabsichtigte
858 2540 1056 2623 Dissonanz,
1082 2540 1135 2607 ein
1158 2541 1354 2606 besonderer
1376 2540 1488 2607 Effekt

311 2666 377 2714 von
399 2647 608 2716 Toumalerei
629 2647 728 2714 kaum
751 2666 791 2712 zu
814 2646 1022 2715 verkennen’.

400 2753 484 2820 item
507 2752 576 2820 fero
599 2755 704 2820 sensit
725 2755 759 2820 in
783 2753 870 2820 libro
895 2772 960 2837 suo,
989 2755 1031 2820 de
1054 2773 1117 2836 quo
1141 2758 1241 2820 autea
1264 2773 1488 2821 commemora-

313 2860 427 2944 vimus,
454 2861 510 2927 ubi
533 2881 563 2942 p.
580 2862 645 2927 324
668 2862 749 2927 haec
770 2861 974 2942 pronuntiat:
1002 2863 1045 2926 ‘es
1067 2861 1204 2926 handelt
1226 2861 1298 2927 sich
1321 2862 1489 2928 entweder

314 2986 365 3033 um
386 2969 523 3050 langere
541 2968 722 3034 besonders
736 2967 980 3051 schwerfdllige
995 2968 1145 3034 Wdrter'.
1174 2967 1270 3034 Cuius
1285 2967 1395 3036 verbis
1415 2969 1489 3034 snb-

313 3075 510 3141 audiendum
533 3079 585 3140 est
606 3074 696 3140 illum
719 3074 919 3142 necessitate
943 3076 1079 3155 quadam
1106 3093 1178 3141 esse
1200 3073 1321 3141 factum
1346 3081 1490 3159 putasse,

314 3188 352 3247 ut
369 3181 471 3247 toties
490 3180 668 3262 spondiaco
681 3180 841 3249 vocabula
860 3181 1136 3264 coniungerentur
1154 3200 1224 3248 cum
1244 3181 1354 3264 longis
1369 3183 1489 3265 verbis,

315 3287 431 3369 quibus
455 3290 518 3354 duo
542 3290 643 3369 pedes
661 3307 791 3354 versum
814 3288 1029 3354 terminantes
1047 3290 1251 3370 expleantur.
1289 3287 1381 3370 Quae
1403 3290 1489 3355 ratio

315 3394 525 3462 confirmatur
552 3395 613 3478 eis,
641 3413 724 3475 quae
746 3394 766 3460 l.
790 3414 815 3462 s,
837 3394 926 3461 iufra
951 3415 982 3477 p.
1006 3397 1070 3461 333
1095 3395 1190 3461 dicit:
1220 3395 1312 3461 ‘Hier
1334 3396 1490 3462 haudelte

316 3520 352 3568 es
370 3501 440 3567 sich
457 3500 492 3567 in
513 3502 577 3567 den
590 3501 729 3568 weitaus
747 3501 886 3568 meisten
899 3501 1018 3569 F'allen
1034 3521 1087 3568 um
1099 3502 1491 3587 Ausnahmemessungem

317 3608 369 3674 die
401 3626 460 3673 aus
496 3607 601 3674 einem
637 3608 841 3675 bestimmten
874 3609 1018 3691 Zwauge
1053 3609 1294 3693 hervorgehen,
1331 3613 1394 3676 den
1431 3612 1490 3676 das

318 3715 599 3797 Sprachmaterial
626 3715 686 3780 mit
712 3715 782 3781 sich
806 3716 963 3782 brachte’.
1007 3716 1125 3798 Itaque
1148 3715 1177 3782 si
1199 3736 1352 3784 summam
1376 3737 1416 3783 ex
1440 3718 1491 3784 his

318 3821 430 3891 verbis
443 3820 589 3905 facimus²
609 3821 656 3887 sic
674 3821 744 3888 fere
759 3841 830 3888 eum
848 3823 1011 3890 iudicasse
1026 3823 1274 3890 existimandum
1294 3830 1357 3890 est:
1381 3826 1492 3908 longis

408 4051 430 4121 ¹)
449 4049 584 4104 Similiter
601 4050 736 4105 iudicavit
754 4052 877 4106 Marxius
897 4053 973 4117 ectr.
992 4054 1045 4123 gel.
1064 4053 1206 4122 Anzeigen
1227 4053 1303 4119 1896,
1325 4054 1337 4106 l
1359 4072 1385 4122 p.
1405 4054 1447 4108 82.
