3014 4642
508 231 861 324 ,-11-

162 425 308 507 proxime
325 425 474 492 succedit
491 427 525 492 iu
544 428 721 508 spondeum
739 425 921 492 incidamus
940 423 1090 509 legitime
1104 422 1339 490 conformatum

165 532 402 618 (vehementer
425 532 613 618 desidero’),
645 533 836 599 Terentium
862 533 918 598 bic
944 531 1132 616 neglexisse
1153 531 1260 615 legem
1283 531 1340 598 vix

164 639 325 706 credibile
348 644 407 708 est.
444 639 552 723 Quare
576 641 612 706 in
635 645 761 706 textum
779 639 974 721 recipiamus
992 637 1117 705 Donati
1134 637 1339 719 scripturam.

165 749 215 812 14.
238 747 354 814 Hautt.
378 749 442 812 810
465 747 514 813 ita
536 746 637 813 scribi
658 746 823 813 Dziatzko
846 746 963 814 voluit:

264 853 308 919 Vt
329 858 365 918 te
388 852 517 934 quidem
540 853 574 918 di
597 855 742 934 deaeque
766 870 875 919 omnes
899 856 1096 934 quantumst,
1119 850 1202 933 Syre

162 959 335 1026 Librorum
357 961 417 1025 bas
439 961 596 1026 babemus
620 959 838 1026 differentias:
862 961 894 1024 A
913 957 1005 1045 (De)
1030 959 1156 1025 ‘omnes'
1174 963 1254 1024 ante
1272 958 1339 1039 ‘di’;

163 1064 452 1132 BOF1P‘omnes’
470 1066 725 1147 ante‘quidem’.
754 1064 845 1148 Quas
864 1063 1103 1146 discrepantias
1122 1064 1340 1145 perpendenti

165 1172 371 1239 temerarium
402 1171 480 1238 mibi
507 1172 640 1240 videtur
668 1173 796 1239 ‘omues'
823 1171 857 1237 iu
885 1178 1035 1252 quartum
1064 1172 1179 1252 pedem
1206 1170 1339 1254 reicere,

163 1279 355 1362 praesertim
378 1299 449 1346 oum
472 1280 524 1345 ita
542 1298 655 1347 versus
678 1298 815 1346 caesura
838 1283 951 1344 careat
973 1283 1073 1359 atque
1092 1277 1223 1360 singula
1241 1297 1339 1345 voea-

163 1389 244 1453 bula
270 1385 408 1472 singuiis
435 1385 574 1468 pedibus
602 1386 926 1468 comprehendantur.
969 1385 1097 1451 Idcirco
1125 1384 1260 1452 suavius
1288 1391 1340 1450 est

165 1495 251 1575 quod
275 1493 448 1560 Bentleius
472 1498 506 1560 et
528 1492 807 1574 Umpionbaebius
829 1492 1046 1574 scripserunt:

262 1601 309 1667 Vt
331 1606 366 1666 te
389 1599 519 1681 quidem
542 1619 651 1666 omnes
675 1600 717 1683 di
741 1603 832 1684 deae,
855 1604 1052 1682 quantumst,
1076 1598 1160 1682 Syre

164 1706 261 1792 (conf.
284 1706 470 1773 Bentleium
495 1709 538 1772 ad
560 1707 642 1773 Eun.
665 1707 709 1772 II.
734 1709 763 1774 3.
788 1710 850 1790 11).

166 1816 216 1880 15.
239 1813 389 1894 Denique
407 1814 582 1895 pristinam
600 1813 736 1880 formam
754 1813 927 1880 Bentleius
945 1813 1155 1896 recuperavit
1169 1813 1249 1880 Hee.
1264 1816 1337 1880 452.

366 2010 427 2076 III.
450 2010 504 2076 Ex
526 2009 722 2091 reliquorum
746 2015 917 2092 poetarum
937 2008 1132 2094 fragmentis

163 2136 270 2198 pauca
288 2117 409 2183 adsunt
426 2117 555 2184 incerta
576 2119 791 2199 spondeorum
810 2117 967 2200 exempla,
992 2135 1076 2198 quae
1094 2117 1182 2183 baud
1202 2137 1338 2201 gravem

537 2224 746 2291 offensionem
768 2226 963 2306 praebeant:

165 2351 215 2414 16.
238 2349 359 2415 Accius
368 2349 423 2415 Fr.
434 2350 470 2416 Ρ.
480 2349 518 2414 R.
533 2369 563 2431 p.
573 2351 647 2433 270,
658 2352 700 2414 24
715 2349 911 2436 (Baehrens)
925 2349 960 2415 iu
970 2349 1137 2416 codicibus
1152 2353 1337 2430 corruptus:

260 2455 435 2522 Imbecilla
457 2475 521 2521 non
544 2458 629 2537 quod
651 2456 892 2538 ponderitatem
914 2455 1179 2541 gravitatemque
1199 2455 1337 2522 hominis

325 2562 523 2648 (‘Imbecilla
547 2563 588 2627 ob
689 2563 837 2629 nominis'
859 2562 1048 2648 Madvigius
1071 2582 1120 2645 op.
1144 2563 1170 2630 Ι.
1195 2565 1271 2647 110)

165 2670 215 2735 17.
240 2668 401 2735 Caecilius
426 2671 489 2734 219
514 2673 686 2751 corruptus
709 2669 855 2736 traditur
877 2670 986 2737 libris:

260 2775 424 2842 Familiae
437 2775 523 2842 fame
533 2781 672 2858 pereant
686 2796 767 2861 ager
781 2782 889 2843 autem
899 2781 967 2844 stet
975 2776 1123 2843 sentibus

214 2944 218 2948 .
322 2882 522 2968 (perbitant'
545 2882 769 2968 Ribbeckius).

165 2992 215 3056 18.
237 2990 366 3056 Ennius
390 3010 419 3072 p.
446 2992 517 3074 132,
541 2992 583 3057 90
607 2991 705 3057 Vabl.
730 3020 772 3046 =
797 2991 895 3075 Trag.
917 2991 956 3058 R.
979 2989 1019 3058 fr.
1043 2993 1084 3058 79

260 3097 355 3162 Fama
377 3096 506 3163 flamma
529 3096 722 3179 deflagrata,
745 3097 826 3164 tosti
848 3097 908 3164 alii
930 3103 1022 3164 stant
1044 3097 1188 3180 parietes

163 3202 256 3284 (alti
270 3202 394 3289 vahl).
418 3241 460 3250 -—
484 3204 524 3268 In
551 3208 691 3284 utroque
712 3204 783 3270 loco
807 3204 1051 3288 monosyllabas
1073 3204 1218 3271 eiusdem
1242 3204 1336 3271 verbi

162 3307 282 3376 formas
305 3310 481 3392 spondeum
504 3310 654 3391 excipere
677 3311 780 3392 primo
805 3313 922 3378 obtutu
945 3311 1151 3393 conspicuum
1175 3315 1234 3377 est.
1269 3312 1337 3376 Ita-

164 3436 227 3497 que
250 3416 435 3499 suspicetur
455 3417 576 3498 aliquis
599 3424 735 3500 propter
757 3423 913 3485 accentus
935 3418 1082 3485 enclisim
1103 3418 1200 3501 plane
1219 3437 1337 3487 evane-

163 3542 257 3589 scere
289 3523 507 3590 offensionem.
559 3522 651 3606 Quae
676 3544 731 3591 res
754 3531 792 3591 ut
815 3524 999 3592 evidentior
1028 3525 1086 3608 sit,
1118 3544 1249 3591 versum
1280 3526 1336 3607 qui

163 3632 250 3710 apud
273 3630 412 3696 Ennium
435 3630 580 3712 proxime
603 3631 773 3698 antecedit
794 3631 956 3715 respicias
979 3631 1093 3699 velim:

263 3735 322 3802 Oui
336 3755 396 3803 nec
410 3757 488 3803 arae
502 3737 631 3819 patriae
646 3739 733 3804 domi
746 3744 846 3824 stant,
860 3737 988 3805 fractas
1003 3744 1037 3804 et
1051 3737 1212 3805 disiectae
1225 3738 1338 3806 iacent

162 3842 219 3909 ubi
246 3844 503 3926 monosyllabum
526 3845 692 3911 ι1111111
716 3865 852 3913 caesura
873 3847 1016 3928 positum
1039 3848 1082 3913 ad
1104 3865 1218 3914 vocem
1242 3865 1336 3927 prae·

162 3954 292 4015 euntem
311 3948 405 4030 quasi
422 3950 560 4035 alligari
578 3950 783 4018 manifestum
803 3958 861 4019 est.
895 3953 1075 4034 Utrumque
1092 3952 1198 4037 igitur
1214 3953 1336 4020 tolera·

162 4055 267 4122 bimus
290 4057 478 4139 exemplum.
500 4094 545 4104 -
