3014 4642
683 233 907 298 ..98-

309 429 406 512 Epid.
430 431 471 496 77
496 478 705 496 ..........
728 434 763 495 te
790 427 886 512 cupio
910 427 1021 511 perire
1047 447 1170 496 mecum

307 537 399 604 Pers.
420 539 460 603 15
483 534 764 620 ...Congrediaa
789 533 802 623 11
828 535 950 602 Contra
970 535 1172 620 aggredibor

307 643 386 711 ibid
410 645 475 710 202
499 693 708 711 ..........
731 661 833 726 puero
860 642 952 725 peior
974 642 1172 725 perhibetur

308 750 426 816 Pseud.
448 752 510 816 173
534 800 630 816 .....
655 749 846 830 deliciisque
867 751 1048 816 aetatulam
1070 748 1172 833 agitis

209 857 287 924 Cum
323 857 386 923 hac
422 856 654 926 observatione
690 861 874 940 congruunt
911 874 996 937 quae
1033 874 1132 939 supra
1168 854 1308 922 diximus
1345 857 1387 922 de

209 964 289 1031 Hec.
305 965 369 1030 289
393 966 408 1028 ‘.
423 1016 431 1031 .
449 962 538 1030 facto
561 968 672 1030 essent
694 966 799 1031 multo
822 962 1009 1046 ampliores’
1032 963 1077 1050 (p.
1092 964 1149 1050 03)
1173 969 1208 1030 11
1229 965 1271 1030 de
1289 981 1388 1046 spou-

210 1071 281 1138 deis
308 1070 574 1155 anapaestisque‚
602 1069 656 1151 qui
679 1070 808 1138 obviam
831 1074 909 1136 sunt
932 1070 966 1137 in
995 1073 1136 1138 secundo
1164 1073 1248 1154 pede
1270 1070 1387 1137 iambi·

210 1196 321 1245 corum
343 1177 602 1260 septenarioram
625 1182 869 1261 synartetorum
892 1176 947 1263 (cf.
971 1197 1023 1261 pp.
1047 1180 1099 1245 25.
1123 1176 1190 1263 20).

211 1286 240 1350 7.
263 1284 450 1366 Sequuntur
476 1304 582 1366 pauca
608 1283 892 1367 anapaesticarum
915 1303 1031 1353 vocum
1055 1286 1221 1368 exempla,
1250 1302 1387 1366 quorum

210 1391 243 1457 in
265 1397 419 1474 promptu
441 1391 519 1458 mibi
542 1411 606 1458 uon
630 1396 682 1458 est
699 1391 817 1458 idonea
835 1389 1020 1474 explicatio.
1056 1392 1170 1473 Neque
1189 1397 1299 1459 tamen
1321 1395 1388 1457 sol-

210 1497 406 1565 licitandum
430 1517 501 1564 esse
523 1505 602 1580 puto
625 1498 712 1564 hunc
734 1498 853 1565 locum:

307 1606 408 1672 Mero.
431 1607 495 1672 840
728 1605 903 1689 laetitiam,
925 1606 1044 1688 ludum,
1066 1605 1172 1672 iocum

142 1704 145 1711 ’
210 1732 292 1781 cave
304 1717 500 1794 transponas
515 1711 642 1796 ludum,
657 1712 829 1796 laetitiam,
848 1712 971 1795 iocum’,
990 1715 1076 1794 quod
1090 1718 1180 1779 certo
1195 1713 1388 1779 abhorrete

210 1819 365 1901 loquendi
380 1819 623 1903 consuetudine,
641 1826 680 1886 ut
698 1838 739 1887 ex
752 1819 804 1886 his
822 1819 1026 1901 potissimum
1040 1820 1191 1888 versibus
1207 1820 1387 1905 colligitur:

309 1926 392 1993 Eun.
416 1928 480 1992 300
504 1927 631 1993 Ludum
654 1925 824 2008 iocumque
846 1925 935 1993 dicet
958 1963 1000 1974 -

309 2033 401 2116 Capt.
418 2034 483 2100 770
501 2033 656 2116 Laudem,
679 2036 816 2118 lucrum
838 2035 960 2116 ludum,
983 2032 1089 2099 iocum

209 2141 263 2207 Ad
285 2139 378 2206 illius
400 2139 541 2206 fortasse
565 2139 809 2207 similitudinem
831 2159 1021 2208 revocamus
1045 2140 1131 2206 hunc
1155 2159 1297 2208 versum:

307 2246 427 2313 Bacch.
452 2248 516 2312 246
540 2296 660 2316 ......
683 2245 928 2314 Mnesilochus?
954 2244 966 2334 11
992 2246 1094 2330 Vivit,
1117 2247 1209 2316 valet

209 2353 266 2440 (de
289 2353 341 2419 bis
364 2353 447 2420 locis
469 2352 509 2420 cf.
531 2373 563 2436 p.
586 2356 651 2437 43).

209 2461 249 2527 In
277 2460 447 2527 nonnullis
476 2459 648 2543 exemplis,
678 2479 762 2542 quae
791 2459 858 2545 legi
888 2462 1034 2545 obstant,
1063 2459 1195 2545 linguae
1224 2463 1388 2544 metrique

209 2567 438 2634 necessitatem
461 2585 527 2633 non
550 2566 795 2650 denegabimus:

308 2673 374 2741 Aul
397 2675 461 2739 365
486 2723 693 2740 ..........
715 2673 751 2739 in
773 2679 872 2757 puteo
896 2691 1008 2741 cenam
1032 2680 1174 2757 coquant

307 2772 385 2839 ibid.
409 2774 472 2838 421
507 2773 569 2840 Pol
592 2771 656 2838 etsi
679 2777 800 2855 taceas,
824 2771 931 2853 palam
954 2771 989 2839 id
1012 2772 1175 2855 quidemst

307 2871 378 2938 Cas.
403 2871 465 2936 701
491 2920 611 2938 ......
634 2869 690 2937 Nil
712 2870 862 2952 equidem
885 2873 1046 2952 speculor.
1071 2868 1084 2959 11
1109 2870 1175 2937 Abi

306 2968 385 3036 ibid
409 2970 474 3034 849
497 3018 662 3035 ........
683 2986 749 3035 non
777 2967 901 3050 cubito,
928 2986 1041 3035 verum
1069 2967 1173 3035 ariete

307 3067 406 3133 Poen.
431 3068 473 3131 30
492 3116 789 3133 ..............
812 3064 906 3148 pueri
928 3072 1066 3148 pereant
1087 3065 1173 3134 fame

307 3162 403 3246 Epid.
427 3165 489 3229 591
516 3213 700 3230 .........
725 3181 807 3244 quae
831 3162 946 3249 didici,
972 3163 1041 3230 dixi
1065 3162 1173 3231 omnia

307 3260 470 3328 1111111838
495 3311 635 3327 .......
659 3279 754 3342 quom
778 3261 931 3346 aspicias,
954 3280 990 3328 os
1012 3261 1173 3343 inpudens

307 3357 433 3426 Novius
449 3360 490 3424 61
515 3358 625 3425 Instat
643 3365 870 3426 mercaturam:
890 3377 985 3441 spero
1006 3378 1075 3426 rem
1094 3359 1209 3426 faciet:
1228 3359 1318 3446 frugi
1337 3368 1389 3428 est

306 3545 400 3628 unio.
415 3546 480 3611 040
578 3545 612 3611 in
632 3546 796 3630 digitum?
817 3544 829 3634 11
850 3545 996 3629 Memini,
1019 3545 1063 3611 mi
1080 3547 1174 3614 homo
1293 3459 1387 3525 h0m0

308 3644 399 3710 Pers.
419 3644 484 3710 654
583 3645 643 3712 abs
667 3653 702 3710 te
724 3644 872 3712 redimet.
894 3642 906 3732 11
932 3643 1018 3728 Quid
1042 3645 1149 3712 nunc?
1171 3644 1183 3734 11
1205 3645 1292 3730 Quid
1316 3646 1388 3714 est?

310 3741 389 3807 Hec.
411 3743 494 3824 prol.
518 3741 560 3825 Π,
584 3744 625 3808 31
822 3741 930 3810 intera
951 3761 1061 3809 rumor
1082 3743 1175 3812 venit
1282 3757 1284 3761 ·

309 3838 384 3906 Aul.
405 3841 467 3905 102
493 3890 679 3907 .........
702 3840 796 3925 adiit,
820 3858 1014 3924 quamquam
1036 3846 1173 3923 propest

210 3946 267 4014 ubi
280 3945 423 4014 Leonem
436 3951 568 4013 secutus
584 3946 773 4029 scripserim
789 3966 945 4029 praesens
963 3947 1062 4031 ‘adit'‚
1081 3947 1241 4030 siquidem
1258 3955 1388 4018 veteres

166 4102 171 4112 ·
210 4060 329 4139 poetae
356 4053 494 4134 perfecti
527 4060 560 4119 et
591 4055 776 4135 praesentis
813 4061 961 4137 tempora
994 4055 1192 4122 creberrime
1229 4057 1388 4125 adbibere
