3014 4642
645 243 864 308 ,63-

273 438 301 501 8.
323 436 365 502 Ι6
388 437 487 502 tertio
511 456 531 502 a
553 436 618 504 fine
640 438 725 519 pede
748 438 910 506 trochaici
934 441 1133 523 septenarii¹

378 562 406 609 6.
430 544 518 625 6661
540 544 709 611 Plautum:

165 651 239 716 166.
262 650 381 716 Bacch.
406 651 447 716 74
474 701 749 718 .............
777 650 948 734 pretiosas
976 653 1127 737 operaria

167 758 239 823 167.
262 757 347 824 Μ66.
370 758 434 823 938
464 809 693 826 ...........
717 758 895 827 66116166
918 767 1126 843 prosternere

167 865 240 931 168.
262 864 363 931 Mero.
383 866 448 931 668
474 917 636 932 ........
660 867 725 932 166
744 872 934 949 quantumst
952 870 1127 935 eondueier

167 973 240 1038 169.
266 971 414 1038 1111646
439 1023 715 1040 .............
740 993 833 1055 6666
858 974 1126 1043 11166661666116

167 1081 239 1146 170.
263 1080 381 1146 Pseud.
402 1081 465 1146 747
490 1132 697 1148 ..........
720 1081 957 1168 Angui<l>lastz
981 1083 1127 1150 elabitur

376 1186 407 1253 b.
431 1189 518 1269 apud
541 1187 687 1270 reliquos
710 1207 774 1255 non
798 1193 892 1256 extat
915 1191 1103 1273 exemplum.

271 1295 300 1358 3.
323 1293 362 1360 In
385 1298 479 1360 sexto
502 1294 634 1361 iambici
657 1295 821 1362 octonarii
842 1296 911 1364 loco

379 1421 407 1467 6.
431 1402 519 1484 6661
540 1402 695 1468 Ρ166166
720 1403 868 1486 exempla
892 1406 1018 1471 desunt.

376 1510 407 1575 b.
431 1510 519 1590 apud
541 1508 742 1576 Terentium:

165 1616 237 1682 171.
260 1615 341 1681 Η66.
361 1617 426 1682 818
450 1667 680 1684 ...........
704 1636 770 1683 vox
787 1616 892 1684 visast
910 1617 1125 1686 Philumenae

165 1724 237 1788 172.
262 1723 323 1789 Ad.
349 1724 411 1788 189
437 1774 733 1790 ..............
757 1724 850 1790 66116
873 1730 979 1791 ortast
1002 1725 1126 1792 iniuria

252 1830 400 1912 Itemque
423 1836 586 1897 extremos
610 1832 690 1897 duos
713 1830 813 1913 pedes
835 1832 1007 1913 explerunt
1024 1838 1141 1915 666166
1160 1853 1223 1900 666
1242 1853 1338 1902 roca·

162 1938 250 2020 bulo,
278 1936 334 2003 ubi
358 1942 443 2020 666,
470 1939 521 2004 ne’
544 1937 728 2020 particulas
756 1937 892 2005 elisione
921 1940 1113 2007 obseuratas
1141 1960 1213 2007 eum
1241 1960 1338 2024 spon-

163 2043 260 2110 diaco
287 2063 367 2112 voee
400 2043 631 2127 confuderunt3
664 2047 748 2126 quod
776 2043 1000 2137 1661666666
1029 2066 1069 2113 ex
1097 2047 1253 2115 11616616
1287 2067 1337 2114 co·

163 2170 315 2236 gnoseos:

164 2259 236 2326 173.
260 2257 353 2325 Asin.
377 2260 439 2324 551
468 2258 726 2340 Indnetoresque
754 2278 940 2326 acerrumos
964 2267 1059 2336 (iamt.
1079 2269 1160 2338 sepo.)

164 2368 236 2432 174.
261 2365 354 2448 0661.
378 2366 443 2432 918
468 2417 699 2432 ...........
723 2366 926 2448 reclusitque
950 2366 1124 2433 armarium
1143 2374 1237 2446 (iamt.
1257 2379 1323 2446 oct.)

164 2474 237 2540 175.
260 2472 332 2540 Mil.
353 2474 439 2539 1318
464 2471 734 2540 .......Vldeo.
760 2471 772 2561 ΙΙ
793 2473 915 2557 Audin,
938 2474 1122 2541 Palaestrio
1141 2483 1337 2553 (66666661.)
1364 2494 1390 2534 aa

251 2579 343 2663 Quae
366 2600 437 2647 eum
460 2582 511 2647 ita
534 2580 613 2664 sint,
641 2586 776 2663 propter
799 2582 899 2648 elisas
923 2582 1056 2648 voculas
1084 2582 1159 2648 tolli
1185 2581 1240 2651 vix
1269 2601 1337 2649 cre-

162 2687 267 2754 dimus
291 2688 427 2770 spondei
450 2707 520 2754 eam
545 2687 763 2771 offensionem,
787 2707 870 2769 quae
888 2694 940 2754 est
958 2688 992 2754 in
1010 2689 1205 2756 diversitate
1224 2708 1337 2756 aecen-

163 2799 264 2861 tuum.
319 2795 384 2860 Cur
409 2794 559 2861 idoneam
587 2794 664 2861 inde
695 2794 936 2862 exeusationem
966 2794 1146 2877 spondiaco
1174 2799 1338 2863 vocabula

162 2901 308 2968 nancisei
331 2920 395 2968 uon
419 2902 553 2986 possint,
576 2900 662 2968 infra
686 2900 751 2968 erit
772 2901 1012 2967 sciscitandum.

251 3330 373 3397 Verum
403 3331 484 3397 haee
514 3320 642 3410 661166
674 3330 842 3395 haetenus,
894 3329 962 3395 laur
994 3347 1080 3395 nune
1110 3334 1337 3397 convertamus

162 3456 220 3504 nos
243 3439 287 3503 ad
311 3456 350 3503 ca
373 3437 529 3520 exempla,
557 3455 641 3518 6666
664 3438 839 3519 66661666
867 3436 900 3501 16
924 3436 984 3501 1116
1008 3438 1093 3516 6616
1116 3440 1213 3502 extra
1236 3436 1336 3503 ratio·

162 3563 236 3610 nem
275 3545 450 3611 admissum
492 3544 680 3626 praebeant.
730 3543 796 3610 Pro
832 3543 961 3627 ingenti
1003 3542 1086 3608 enim
1127 3541 1336 3612 iambieorum

162 3651 463 3732 trochaieorumque
482 3669 633 3718 versuum
653 3649 864 3717 multitudine
881 3650 1064 3716 mirandum
1083 3669 1147 3716 666
1167 3655 1226 3734 661,
1250 3653 1337 3732 6661

162 3759 252 3824 1661
277 3759 376 3841 66661
402 3758 628 3840 inveniuntur,
656 3757 712 3839 661
741 3758 872 3823 obstare
900 3757 1055 3824 videntur
1082 3757 1224 3841 regulae.
1268 3757 1336 3822 Ex-

161 3865 354 3948 planandum
384 3865 489 3951 igitur
519 3870 583 3948 est,
614 3864 806 3946 quibusnam
837 3863 911 3929 aliis
943 3863 1188 3930 condicionibus
1218 3870 1335 3945 poetae

161 3991 226 4040 666
253 3971 540 4040 reformidaverint
569 3971 765 4054 spondiacus
792 3990 890 4039 voees
921 3972 955 4038 in
986 3969 1086 4037 tertio
1117 3989 1137 4038 a
1167 3970 1232 4038 fine
1261 3973 1334 4040 loco

161 4079 373 4148 adhibendas.
