3014 4642
609 250 853 317 —103-

241 448 335 530 117,5
359 446 396 514 Si
419 445 619 529 repperisset
641 444 763 528 aliquis
786 446 870 513 hanc
893 444 1090 528 prudentior

140 553 232 638 (non:
255 554 341 621 hanc
365 553 486 636 aliqui·
509 553 717 640 prudentior)

241 663 357 745 118,10
380 662 623 729 Monumentum
646 660 740 728 iuxta
763 660 882 728 mulier
905 681 968 743 quo
991 679 1027 728 se
1049 658 1230 728 incluserat

141 766 231 853 (nonz
263 788 325 851 quo
348 769 466 836 mulier
489 789 524 835 se
547 767 748 856 incluserat).
796 767 888 852 Quae
919 787 991 835 cnm
1018 767 1067 835 itu
1095 767 1171 851 siut,
1199 786 1259 851 per
1281 785 1317 833 se

141 875 327 958 explicatur
349 895 391 942 ne
413 877 637 960 pronominum
657 875 787 958 quidem
807 873 956 943 enclisim
974 875 1161 942 Phaedrum
1183 873 1316 941 duxisse

140 981 291 1049 idoneam
314 983 450 1065 spondei
474 982 726 1068 excusationem,
747 988 786 1050 ut
808 1002 850 1050 ex
873 983 935 1049 hoc
958 1001 1057 1051 versu
1080 981 1266 1067 apparead)

241 1091 335 1174 102‚3
359 1090 568 1158 Monstrabat
590 1090 716 1159 vitulus
740 1109 802 1172 quo
826 1109 862 1156 se
885 1095 983 1173 pacto
1007 1089 1156 1158 flecteret

141 1195 232 1280 (nom
257 1216 319 1278 quo
342 1203 441 1279 pacto
464 1217 500 1264 se
523 1197 693 1282 flecteret).

142 1303 251 1387 Quare
274 1310 333 1371 aut
355 1324 426 1371 curn
446 1303 593 1372 Lucieno
612 1303 752 1371 Mueller
774 1306 980 1372 secludamus
999 1301 1170 1388 epimythii
1186 1322 1315 1372 versum

140 1411 167 1494 Ι,
192 1413 241 1477 13.
263 1412 303 1477 13
323 1409 397 1498 (Μ);
420 1411 502 1476 ‘Hac
523 1429 561 1476 re
583 1411 743 1493 probatur
764 1409 931 1495 ingenium
955 1414 1111 1491 quantum
1134 1410 1237 1478 valet’
1257 1414 1317 1476 aut

141 1519 305 1586 Havetum
329 1516 467 1603 secutil)
494 1517 674 1584 scribamus
700 1519 829 1600 14,13;
857 1517 938 1584 ‘Hac
966 1517 1192 1600 reprobatur,
1215 1536 1316 1599 quan·

141 1632 208 1690 tum
233 1625 400 1708 ingenium
424 1625 570 1706 polleat’.
610 1624 723 1706 Neque
747 1624 879 1691 dubium
902 1629 954 1691 est
977 1623 1056 1706 quin
1078 1629 1169 1690 recte
1191 1623 1315 1692 iudica·

142 1731 229 1799 verit
250 1731 363 1800 Havet
384 1731 405 1796 l.
427 1752 451 1798 s.
474 1753 504 1815 p.
525 1734 588 1799 176
614 1730 709 1818 §37:
735 1731 885 1814 „Perotti
904 1737 955 1798 est
971 1733 1045 1815 112,
1068 1733 1087 1797 5
1111 1733 1127 1796 ‘.
1143 1784 1171 1798 ..
1191 1729 1315 1816 ingenii

142 1839 261 1906 fiducia
284 1840 343 1906 est’
366 1859 426 1922 pro
449 1838 587 1924 ingeni,
610 1844 648 1906 ut
670 1839 705 1905 in
728 1839 820 1906 exitu
842 1857 958 1906 versus
976 1838 1122 1922 ‘imperii’
1145 1841 1217 1923 113,
1241 1841 1312 1906 31.“

232 2071 253 2140 1)
271 2067 333 2123 Non
356 2071 495 2140 repugnat
515 2069 575 2137 15,8
599 2068 723 2124 ‘Miscere
744 2069 873 2125 antidoto
896 2069 926 2124 in
949 2069 1025 2124 illius
1048 2087 1077 2124 se
1099 2068 1240 2136 toxicum’,
1265 2068 1315 2122 ubi

143 2157 236 2213 ‘illius'
255 2157 283 2211 in
302 2158 426 2212 iambum
446 2157 570 2213 desinere
589 2159 680 2213 Havet
696 2161 772 2214 recte
792 2159 900 2213 monuit
918 2159 935 2213 l.
950 2177 969 2213 s.
984 2177 1011 2229 p.
1026 2159 1087 2226 216,
1106 2158 1177 2227 589.

231 2247 252 2317 ¹)
271 2248 331 2302 cod.
346 2247 434 2302 Pith.:
454 2250 598 2316 ‘quantum
618 2247 760 2318 ingenium
779 2249 871 2303 valet'.
