3014 4642
637 242 860 310 ..79-

161 436 349 505 minerirms
373 436 451 519 quid
475 438 515 504 de
535 437 698 505 uniuersis
717 439 933 519 spondeorum
952 436 1108 519 exemplis
1126 439 1336 505 statuendum

161 544 277 612 fuerit:
300 543 369 611 illic
391 543 478 611 euim
501 549 617 611 contra
641 545 704 611 166
728 544 896 629 legitimos
919 545 1081 626 spondeos
1104 550 1336 612 enumerantur

163 654 206 719 63
239 650 422 737 illegitimi,
459 656 498 718 ut
534 652 616 718 haec
653 651 723 718 fere
756 650 967 718 arithmetica
997 651 1167 735 proportio
1201 653 1336 720 evadat:

165 761 431 826 166:53=3:1
466 756 521 843 (ol.
554 779 583 841 p.
608 759 673 842 75).
727 758 844 840 Itaque
871 776 935 825 non
967 757 1054 826 illud
1085 758 1335 826 admirationem

163 874 310 933 nostram
333 870 522 949 commovet,
545 867 631 947 quod
650 865 778 934 omnino
801 865 865 932 illa
885 865 1077 948 pronomina
1100 865 1292 934 intertium
1316 886 1337 934 a

163 974 228 1040 fine
257 974 372 1055 pedem
402 975 574 1040 admodum
604 992 703 1056 saepe
733 978 850 1055 poetae
877 978 1084 1058 receperunt,
1115 974 1234 1057 quippe
1257 993 1337 1057 quos

165 1087 256 1147 certa
281 1099 397 1147 norma
423 1081 599 1149 observata
625 1080 819 1162 spondiacus
846 1099 944 1148 voces
970 1079 1005 1146 in
1032 1080 1094 1148 hac
1117 1100 1232 1149 versus
1260 1083 1337 1148 sede

164 1188 415 1269 haudquaquam
438 1185 606 1272 defugisse
632 1187 903 1269 intellexerbuus3
930 1187 1025 1254 immo
1053 1206 1132 1255 vero
1160 1189 1197 1255 id
1220 1188 1338 1255 miran-

165 1295 240 1361 dum
260 1299 320 1378 est,
339 1295 374 1361 iu
388 1293 631 1378 pronominibus
649 1296 732 1363 adeo
751 1315 816 1362 non
834 1300 1024 1362 constanter
1042 1315 1096 1363 eos
1115 1300 1245 1364 secutos
1266 1314 1338 1362 esse

164 1401 255 1469 illam
277 1402 384 1486 legem
407 1420 501 1483 quam
526 1402 567 1468 de
590 1404 734 1484 spondeo
756 1402 964 1469 admittendo
987 1401 1051 1469 sibi
1078 1407 1272 1487 sanxerunt,
1300 1407 1339 1469 ut

165 1527 282 1578 versus
305 1507 457 1594 legitime
480 1507 674 1576 conformati
697 1508 796 1576 etiarn
819 1508 987 1592 paucitate
1010 1508 1156 1594 insignes
1178 1509 1253 1578 siut.

255 1615 320 1682 Sed
353 1615 480 1701 rogarit
511 1614 655 1683 fortasse
686 1615 858 1698 quispiam:
891 1635 961 1683 cum
991 1614 1193 1698 reliquarum
1225 1635 1339 1685 vocum

167 1722 417 1806 spondiaoarum
445 1723 535 1790 haud
562 1722 683 1807 exigua
710 1741 788 1805 pars
815 1722 864 1790 ita
891 1742 926 1789 se
948 1724 1084 1807 habeat,
1116 1727 1155 1791 ut
1177 1726 1340 1806 spondeus

166 1829 349 1912 excipiatur
375 1828 405 1896 si
431 1848 497 1897 non
524 1849 588 1897 uno
621 1831 721 1898 verbo
754 1833 899 1897 attamen
927 1831 1102 1897 verborum
1135 1831 1340 1914 copulatione

166 1955 265 2004 unum
288 1942 451 2020 aequante
475 1938 684 2021 vocabulum,
711 1955 819 2004 nonne
846 1938 928 2003 licet
954 1936 990 2004 in
1014 1937 1066 2004 hia
1093 1938 1340 2020 pronominibus

167 2048 315 2111 statuere
333 2039 458 2112 similes
477 2043 705 2112 condiciones?
737 2043 914 2111 Videamus
933 2043 1036 2129 igitur
1055 2063 1192 2125 quanam
1213 2064 1254 2111 ex
1275 2045 1341 2112 alia

167 2170 204 2217 re
227 2151 281 2217 his
304 2152 547 2218 excusationem
570 2169 729 2233 paremus.
1335 2203 1336 2206 ,

384 2261 412 2325 1.
435 2259 488 2325 Ex
514 2264 588 2325 arto
616 2261 789 2328 verborum
822 2278 944 2325 conexu
976 2258 1110 2325 ultimos
1143 2261 1222 2326 duos
1254 2259 1341 2328 locos

754 2365 995 2448 occupantium:

267 2473 457 2541 Ruu1278
481 2522 669 2540 .........
693 2471 789 2557 Quid,
812 2492 942 2556 eampse
961 2472 1077 2540 illam?
1103 2473 1115 2563 Η
1137 2475 1207 2542 Νοιι
1227 2494 1342 2542 censeo

267 2580 367 2646 Merc.
390 2581 455 2646 428
480 2630 620 2647 .......
644 2579 693 2645 ita
715 2585 753 2646 ut
774 2580 879 2664 illast,
902 2599 1042 2648 emerem
1065 2581 1129 2648 sibi

267 2687 339 2753 Mil.
363 2688 428 2754 606
454 2738 687 2755 ...........
709 2686 821 2754 facere
843 2687 892 2753 illi
915 2687 1044 2755 faciunt
1065 2688 1130 2755 tibi

268 2794 352 2861 Rud.
375 2795 440 2860 966
471 2845 656 2861 .........
680 2795 797 2876 quanti
820 2794 908 2860 illud
930 2793 1035 2861 refert
1057 2814 1129 2862 mea

269 2901 369 2969 Mero.
384 2903 446 2968 761
473 2951 709 2968 ...........
730 2902 845 2986 Egone
866 2900 953 2968 istuc
976 2901 1045 2968 dixi
1066 2901 1130 2969 tibi

268 3008 347 3076 ibid.
361 3010 424 3076 627
451 3058 615 3075 ........
637 3006 693 3090 qui
716 3027 777 3092 ego
801 3009 888 3076 istuc
912 3010 1043 3075 credam
1066 3008 1130 3076 tibi

269 3135 309 3182 ac
331 3114 472 3183 fortasse
495 3115 574 3183 Hec.
597 3118 659 3183 114
683 3167 980 3184 ..............
1004 3115 1086 3182 Istic
1109 3135 1186 3183 sum.
1212 3115 1224 3205 ll
1250 3117 1345 3185 Hanc

1148 3224 1343 3292 Bacchidem

386 3333 416 3397 2.
438 3331 490 3396 Ex
513 3335 671 3398 accentus
693 3329 917 3398 inclinatione:

270 3437 365 3506 Truc.
391 3439 454 3504 156
477 3438 648 3505 Postremo
671 3438 721 3505 illi
743 3443 821 3505 sunt
841 3436 981 3521 improbi

270 3546 399 3613 Phorm.
424 3547 488 3612 744
513 3596 698 3615 .........
721 3565 800 3614 vero
823 3545 907 3613 istoc
930 3565 980 3612 me
1003 3545 1132 3613 nomine

172 3651 299 3737 Quibus
321 3652 432 3720 nescio
456 3672 499 3719 an
521 3658 613 3720 recte
635 3653 840 3720 adiunxeris:
1084 3649 1086 3653 ’

270 3760 401 3827 Phorm.
424 3762 488 3827 923
518 3809 659 3828 .......
683 3780 779 3843 porro
802 3759 871 3827 illis
895 3760 1010 3842 quibus
1035 3759 1132 3827 debui

272 3867 398 3934 Cistell.
416 3869 459 3934 49
482 3866 680 3950 Semperque
703 3867 800 3934 istam
823 3887 920 3950 quam
942 3887 1028 3934 nunc
1049 3868 1152 3935 habes

271 3975 372 4042 Mero.
392 3976 456 4041 624
480 4024 576 4042 .....
595 3974 723 4041 omitte:
746 3973 830 4041 istuc
852 3976 937 4057 quod
956 3993 1041 4042 nunc
1061 3973 1133 4058 agis

173 4082 394 4153 Numerantur
416 4082 459 4148 ad
481 4099 637 4148 summam
662 4083 703 4148 12
727 4081 882 4164 exempla.
