3014 4642
639 217 860 282 ..56-

163 416 262 493 atque
297 409 331 476 in
366 410 633 494 ‘circumspicitis’
668 409 807 492 aliisque
844 409 1031 493 compositis
1068 409 1188 478 verbis.
1248 412 1342 478 Unde

161 517 271 585 hiatus
300 536 427 600 qnoque
454 519 574 584 iustam
598 517 847 601 explicationem
869 516 980 601 habet,
1003 536 1097 598 quem
1119 537 1184 585 non
1206 518 1341 587 vexabi-

162 643 233 691 mus
255 642 291 689 1n

261 721 353 787 Trin.
379 724 420 788 10
443 720 509 788 Sed
533 741 574 788 ee
595 723 658 788 huo
682 721 761 804 quid
783 721 870 789 intro
893 719 976 788 ierit
996 721 1129 803 inpulsu
1152 742 1222 790 meo

163 828 216 916 (cf.
240 828 410 894 Klotzium
433 827 454 894 l
477 847 501 893 s.
524 848 555 911 p.
581 827 666 915 169.)
716 827 812 912 Quod
840 828 1071 911 comprobatur
1096 828 1257 912 imprimis
1280 830 1340 898 hoc

162 953 269 1019 versu,
292 933 348 1016 qui
371 936 506 1002 eandem
523 954 637 1002 vocem
655 954 728 1002 cum
746 941 904 1017 sequente
921 936 1025 1003 verbo
1044 939 1117 1002 arte
1136 936 1341 1004 coniunctam

164 1042 199 1109 in
222 1041 286 1108 illa
309 1043 387 1108 sede
411 1041 558 1108 exhibet:

266 1149 366 1215 Merc.
381 1149 468 1215 1010
489 1147 650 1232 Eutyche,
667 1149 753 1216 hanc
766 1151 843 1217 volo
857 1148 948 1231 prius
963 1168 1034 1215 rem
1047 1148 1112 1233 agi,
1130 1169 1224 1231 quam
1239 1169 1343 1218 meum

985 1256 1074 1322 intro
1097 1255 1205 1324 refero
1229 1258 1343 1340 pedem

164 1383 269 1446 neque
296 1364 472 1430 absurdum
499 1362 641 1430 fortasse
669 1362 802 1432 videtur
828 1362 956 1445 opinari
979 1343 1100 1432 ‘meum'
1123 1363 1285 1448 synizesis
1307 1365 1343 1430 vi

166 1477 367 1538 contractum
400 1489 536 1553 prorsus
567 1468 738 1536 absorberi
770 1469 922 1554 elisione,
959 1489 1029 1538 cum
1065 1471 1099 1539 in
1130 1470 1341 1539 interioribus

71 1580 74 1587 '
164 1577 369 1661 dipodiarum
409 1577 548 1660 pedibus
588 1596 664 1644 raro
705 1582 825 1660 poetae
867 1578 1087 1661 corripuerint
1122 1578 1246 1645 iambos
1288 1578 1343 1664 (ci.

165 1684 336 1752 Klotzium
357 1684 378 1751 l.
396 1704 421 1752 s.
440 1705 470 1767 p.
490 1686 532 1752 56
556 1685 631 1772 sq.);
654 1684 751 1751 simili
773 1686 866 1752 modo
889 1705 1065 1766 pronomen
1088 1685 1222 1753 eliditur
1242 1685 1343 1753 Stich.

166 1821 195 1867 v.
219 1801 275 1866 39:
302 1798 400 1882 ‘Quia
425 1803 481 1883 pol
509 1774 708 1868 meo'animo
732 1800 835 1867 omnis
858 1801 1035 1884 sapientis’.
1070 1802 1212 1868 Maxime
1233 1808 1343 1870 autem

166 1907 339 1992 sententia,
366 1927 461 1989 quam
485 1908 723 1991 explicavimus
746 1909 788 1975 de
810 1909 896 1975 Men.
920 1911 995 1993 660,
1019 1909 1158 1976 fulcitur
1184 1909 1342 1976 hocloco

166 2016 298 2099 collato,
320 2013 376 2096 qui
398 2014 454 2080 illi
477 2014 665 2082 simillimus
688 2022 752 2082 est:

267 2123 353 2190 Men.
377 2123 442 2189 965
490 2121 555 2190 Hic
569 2141 625 2190 ero
640 2141 755 2205 usque:
778 2124 818 2190 ad
836 2128 966 2190 noctem
980 2123 1106 2207 saltem,
1129 2123 1236 2208 credo,
1255 2122 1342 2190 intro

1078 2228 1193 2296 mittar
1216 2229 1341 2297 domum

169 2336 225 2403 ubi
248 2337 393 2403 editores
416 2338 577 2420 praebent
598 2336 816 2405 ‘intromittar’
840 2336 996 2405 continua
1019 2336 1193 2419 scriptura.

255 2442 413 2525 Sequitur
447 2461 576 2528 versus,
612 2443 703 2511 cuius
734 2443 921 2526 primariam
954 2443 1090 2511 formam
1131 2462 1173 2509 ex
1209 2443 1341 2510 illorum

169 2551 318 2632 exemplo
342 2549 440 2635 (Men.
464 2551 538 2617 630.
555 2548 643 2635 965.)
666 2569 860 2633 recuperare
879 2550 1021 2617 fortasse
1040 2549 1134 2632 licet3
1158 2548 1214 2632 qui
1237 2549 1343 2632 qualis

169 2655 264 2722 libris
286 2655 435 2722 traditur
456 2662 559 2722 metro
582 2674 647 2722 non
670 2654 805 2723 sufficit:

268 2762 360 2844 Capt.
384 2764 447 2829 527
490 2761 642 2829 Perdidit
658 2781 709 2830 me
723 2763 976 2846 Aristophontes
993 2764 1049 2830 hic
1068 2763 1124 2845 qui
1139 2763 1233 2831 venit
1251 2766 1344 2831 modo

1258 2870 1345 2936 intro

171 2977 280 3057 Atque
302 2981 341 3042 ut
362 2981 649 3043 versumsanaret
670 2976 735 3042 iam
755 2975 958 3043 Camerarius
981 2977 1153 3043 admodum
1175 2976 1246 3043 leni
1269 2995 1345 3043 usus

169 3080 424 3165 transpositione
456 3082 588 3165 scripsit
619 3082 685 3164 ‘qui
715 3082 803 3148 intro
836 3083 931 3151 venit
959 3084 1076 3167 modo’‚
1109 3102 1172 3165 quo
1204 3081 1345 3151 remedio

169 3188 320 3256 restituit
328 3187 530 3255 trochaicum
540 3193 777 3255 tetrametrum.
803 3188 861 3254 Oui
875 3189 1099 3273 astipulantur
1113 3190 1151 3256 F.
1160 3189 1345 3256 Schoellius

171 3295 233 3383 (ed
257 3295 349 3376 Oapt.
375 3294 473 3380 1887)
497 3300 532 3361 et
555 3294 923 3364 Gustatus-Schoenus
949 3296 984 3363 in
1006 3297 1081 3363 min.
1105 3297 1216 3363 Plaut.
1238 3296 1343 3363 fabul.

170 3401 323 3469 editione.
374 3400 478 3485 Quam
510 3401 729 3469 coniecturam
767 3403 796 3470 si
833 3403 905 3484 quis
941 3402 1103 3487 probarit,
1139 3422 1204 3470 non
1241 3403 1346 3487 magis

171 3508 286 3592 opinor
307 3508 343 3574 in
367 3509 546 3590 spondiaco
564 3527 647 3576 voce
667 3509 721 3575 hic
740 3508 882 3576 offendet
900 3529 997 3592 quam
1015 3510 1102 3577 Men.
1122 3510 1196 3576 630.
1229 3508 1347 3592 Quam·

171 3635 267 3697 quum
298 3616 366 3682 Leo
398 3617 483 3681 hanc
515 3616 774 3683 emendationem
805 3615 920 3683 reiecit
955 3619 996 3683 ob
1028 3618 1114 3683 hanc
1145 3621 1183 3683 ut
1214 3615 1348 3683 videtur

172 3741 314 3806 causam,
344 3721 421 3804 quia
449 3726 554 3788 totam
583 3741 735 3790 scaenam
765 3722 868 3790 variis
890 3722 1004 3789 metris
1026 3723 1245 3805 perscriptam
1274 3741 1347 3790 esse

170 3829 310 3910 ideoque
347 3847 412 3895 non
454 3829 535 3895 satis
573 3848 734 3913 apparere
771 3829 914 3914 putavit,
960 3830 1119 3911 quomodo
1156 3828 1347 3895 dimetiendi

172 3941 281 4002 essent
310 3929 431 4019 singuli
460 3937 569 4017 pedes.
619 3935 684 4002 Sed
712 3955 783 4002 cum
811 3935 978 4003 videamus
1008 3955 1118 4004 omnes
1145 3935 1217 4003 fere
1245 3935 1346 4003 totius

172 4061 310 4110 scaenae
340 4061 455 4111 versus
485 4061 579 4125 quam
609 4043 696 4111 male
726 4040 832 4110 habiti
861 4043 931 4110 sint
958 4042 1138 4129 codicibus,
1172 4043 1213 4110 de
1241 4048 1348 4110 trans·
