3014 4642
587 227 811 292 ..17-

111 440 141 501 p.
156 421 208 486 94.
223 422 275 487 91.
352 420 493 505 Frangit
525 421 629 503 pudor
661 420 826 504 ingenium
858 427 998 506 rectum,
1029 442 1166 504 pravum
1195 421 1290 488 effert

218 527 358 594 audacia

325 652 352 700 e.
374 634 415 700 In
437 634 610 701 sententiis
633 634 717 701 falso
742 635 832 701 inter
854 635 1063 702 Publilianas
1085 636 1244 718 receptis:

111 759 141 821 p.
156 741 208 806 97.
222 741 274 806 37.
351 739 551 806 Beneficium
570 746 622 807 est
642 758 755 806 carere
773 740 836 806 iam
856 743 941 823 quod
960 740 1085 808 invitus
1103 743 1290 824 possederis

111 866 141 928 1.
156 849 207 914 98.
223 849 274 912 88.
353 845 496 912 Difficile
515 852 575 930 est,
598 865 681 928 quae
700 852 808 912 tecum
828 846 913 916 vitia
936 854 1119 931 creverunt
1142 849 1290 916 recidere

111 974 141 1036 p.
158 957 230 1021 100.
246 955 318 1020 148.
350 954 509 1036 11111111
549 955 743 1036 parcendum
785 960 837 1020 111
873 953 1014 1038 civibus,
1059 960 1097 1019 ut
1137 957 1289 1022 membris

218 1061 453 1145 languentibus

111 1170 320 1251 1100151.
351 1168 391 1234 Ι1
425 1187 559 1235 recessu
598 1169 721 1234 habeas
757 1188 918 1253 severum,
957 1168 992 1235 in
1024 1169 1194 1250 procinctu
1225 1171 1290 1235 cle·

218 1275 372 1341 mentiam

112 1402 142 1463 p.
159 1384 320 1448 101288.
354 1380 457 1464 Quam
490 1385 617 1450 domum
651 1401 777 1465 cunque
809 1383 928 1467 111111,
970 1388 1120 1465 11111111
1158 1381 1288 1449 felicem

220 1490 398 1555 clementia

112 1617 142 1679 p.
159 1599 231 1664 106.
247 1598 321 1662 325.
353 1597 438 1680 Rex,
474 1597 525 1662 cui
560 1616 595 1662 se
629 1597 800 1664 irascendo
837 1603 1014 1679 exaequat,
1054 1616 1119 1663 111
1156 1596 1288 1663 multum

220 1703 440 1786 supereminet

112 1832 142 1893 1.
158 1812 231 1877 107.
246 1812 320 1877 353.
352 1810 484 1877 Stultus
514 1816 578 1894 111,
619 1811 712 1878 bonis
749 1811 907 1892 malisque
943 1811 999 1893 qni
1035 1811 1180 1896 ignoscit
1214 1830 1286 1891 pro·
1339 1840 1341 1843 ·

219 1936 341 1985 mrsoue

112 2046 143 2107 p.
160 2028 232 2092 107.
248 2027 321 2092 373.
354 2022 419 2092 Ubi
454 2030 570 2107 peccat
604 2026 738 2091 solitum
772 2025 961 2110 remedium,
999 2030 1180 2108 temptatur
1215 2043 1291 2091 con·

220 2132 364 2199 trarium.

597 2312 810 2321 --——-.

203 2559 272 2625 lam
295 2578 373 2628 vero
397 2559 678 2644 transgrediamur
700 2560 743 2625 ad
762 2560 988 2642 explicandam
1006 2560 1095 2626 illam
1115 2560 1290 2645 licentiam,

114 2685 208 2747 quam
233 2673 350 2748 poetae
371 2665 434 2732 sibi
458 2666 655 2748 sumpserint
676 2666 711 2732 11
734 2667 923 2748 spondiacis
942 2667 1111 2733 vocabulis
1134 2668 1167 2734 in
1192 2669 1290 2735 tertio

113 2772 221 2840 afine
251 2775 335 2855 pede
365 2773 588 2839 admittendis.
635 2771 707 2856 Qua
736 2772 770 2838 in
800 2793 835 2839 11
863 2773 898 2839 id
925 2774 1062 2839 maxime
1085 2775 1291 2842 memorabile

114 2886 178 2964 est,
209 2881 294 2960 quod
317 2880 472 2946 Plautum
501 2880 652 2961 aliosque
675 2885 790 2962 poet-as
819 2899 860 2946 ne
890 2880 947 2946 ubi
976 2879 1076 2946 facile
1105 2881 1233 2961 quidem
1255 2882 1290 2947 id

113 2986 185 3054 fieri
216 2987 325 3068 potuit
362 2986 520 3053 eiusmodi
551 2989 654 3054 verba
688 2987 730 3052 ab
762 2986 823 3052 illa
855 2989 932 3052 sede
967 2987 1110 3052 arcuisse
1140 2987 1289 3056 vidimus.

114 3092 188 3177 Qua
212 3095 252 3160 de
276 3112 374 3161 causa
396 3111 489 3159 nemo
510 3094 623 3160 credet
645 3092 782 3159 fortuito
806 3092 1030 3176 1111111111,
1052 3099 1089 3159 ut
1112 3096 1291 3176 spondiaco

114 3202 218 3268 verba
241 3200 411 3267 admodum
439 3219 538 3282 saepe
565 3219 630 3267 una
657 3219 737 3269 voco
766 3205 922 3281 quattuor
944 3202 999 3268 vel
1024 3199 1166 3282 quinque
1189 3202 1291 3284 sylla·

113 3309 229 3374 barum
260 3306 481 3389 excipiantur,
513 3326 597 3388 quae
628 3307 881 3389 comprehendat
910 3307 1042 3373 ultimos
1074 3307 1154 3374 duos
1181 3309 1290 3390 pedes.

113 3414 231 3496 Itaque
255 3433 448 3494 quamquam
476 3414 511 3479 in
538 3413 750 3480 interioribus
778 3413 982 3496 dipodiarum
1009 3414 1148 3496 pedibus
1176 3433 1289 3481 accen·

113 3527 204 3588 tuum
229 3521 482 3603 discrepantiam
508 3525 621 3603 poetas
649 3540 713 3587 non
740 3521 942 3603 quaesivisse
971 3526 1113 3604 constat,
1141 3527 1291 3588 tamena

114 3628 240 3694 tabulis
254 3627 442 3709 praemissis
456 3633 509 3694 tot
520 3627 602 3693 locis
616 3627 704 3693 inter
717 3647 751 3694 se
762 3627 933 3693 simillimis
942 3627 1033 3693 illam
1044 3629 1148 3712 legem
1157 3629 1291 3713 neglegi

115 3734 258 3802 dilucide
280 3735 487 3817 perspicitur,
510 3740 548 3800 ut
568 3736 609 3799 de
627 3734 767 3818 singulis
787 3737 977 3816 corruptela
995 3734 1185 3817 depravatis
1205 3735 1291 3820 cogi·

114 3841 180 3909 tari
202 3846 353 3922 nequeat.
400 3840 489 3924 Quas
512 3843 595 3907 duas
622 3841 769 3908 rationes
796 3841 979 3907 contrarias
1008 3842 1199 3909 consociare
1226 3861 1291 3909 uon

113 3967 291 4031 possumus,
313 3948 378 4014 nisi
400 3948 614 4030 spondeorum
633 3948 846 4030 asperitatem
864 3948 1114 4031 molestiamque
1138 3951 1291 4030 quodam·

114 4059 206 4121 modo
234 4055 410 4136 exaequari
434 4073 473 4120 11
496 4054 621 4121 molliri
643 4060 793 4136 putamus
817 4054 940 4122 artiore
963 4055 1150 4122 ultimorum
1174 4059 1291 4137 pedum

1126 4162 1142 4213 1
