3014 4642
645 236 868 303 ..65-

163 433 238 501 XV.
264 435 350 500 1880
373 452 403 515 p.
430 432 506 519 239)
535 432 670 515 scripsit
697 453 756 514 pro
780 433 873 498 ‘enim
899 434 986 501 vero’
1009 435 1130 502 ‘verum
1153 435 1249 501 enim'
1273 455 1342 503 cum

163 540 293 606 Phorm.
311 542 376 605 555
400 543 434 605 et
455 541 510 606 Ad
530 542 593 606 201
619 545 794 623 comparet,
817 539 994 624 Langenus
1016 541 1142 608 refutat
1163 543 1225 609 hoc
1248 543 1343 610 modo

163 648 334 731 ‘Beitritge
366 666 425 713 zur
455 646 570 713 Kritik
602 649 668 713 und
700 648 893 732 Erkltrung
925 650 982 715 des
1014 648 1161 715 Plautus’
1198 670 1229 732 p.
1264 653 1343 717 113:

166 755 317 836 ‚,‘verum’
340 754 385 820 ist
406 754 461 820 nie
482 754 865 838 Beteucmngspartiucl,
889 756 1030 822 sondern
1053 757 1173 822 driickt
1195 776 1258 823 nur
1280 759 1344 823 den

163 861 352 944 Gegensatz
376 880 443 944 aus,
467 880 623 944 synonym
647 861 707 927 mit
729 862 817 943 ‘sed’;
840 862 1035 946 umgekehrt
1052 863 1098 929 ist
1116 865 1212 932 ‘vero’
1230 864 1344 929 immer

163 968 218 1036 bei
236 969 377 1035 Plautus
396 968 502 1035 bloise
520 968 907 1053 Beteueruugspartikel:
930 970 975 1035 ‘in
994 971 1054 1036 der
1072 972 1150 1052 Tat3
1172 970 1342 1052 wirklich;

162 1075 198 1140 in
221 1074 436 1143 Wahrbeit'“.
489 1076 608 1157 Itaque
635 1095 677 1142 ne
705 1076 907 1160 Brugmanni
935 1076 1063 1157 quidem
1091 1077 1229 1144 mutatio
1260 1078 1295 1164 (l.
1318 1098 1342 1144 s.

162 1202 195 1264 p.
210 1182 266 1268 34)
289 1182 399 1249 sensui
420 1181 598 1249 satisfacit:
621 1184 637 1246 ‘.
652 1234 659 1249 .
676 1202 810 1250 .verum
830 1183 915 1248 enim
934 1202 1013 1251 vero
1032 1203 1114 1252 voce
1134 1184 1247 1268 opust,
1271 1203 1343 1251 cum

162 1288 199 1355 in
216 1290 279 1356 hoc
297 1291 470 1358 verborum
490 1293 646 1355 contextu
665 1291 796 1357 ‘verum’
816 1290 1060 1359 adversativum
1083 1297 1172 1357 stare
1191 1298 1342 1373 nequeat.

163 1396 230 1463 Sed
252 1399 295 1463 ad
313 1395 547 1478 expediendam
567 1395 708 1463 fortasse
726 1395 932 1463 offensionem
950 1396 1040 1476 facit,
1063 1399 1150 1478 quod
1168 1400 1210 1465 ab
1230 1399 1342 1464 eadem

162 1502 303 1570 formula
331 1503 427 1569 ‘enirn
450 1504 537 1570 vero’
564 1504 807 1571 trochaicorum
834 1502 963 1569 initium
987 1504 1116 1586 capitur
1138 1505 1342 1586 septenario·

162 1630 234 1677 rum
264 1611 380 1692 Amph.
404 1611 468 1675 723
502 1610 605 1676 Stich.
629 1612 694 1676 398
724 1611 963 1694 Hautt.1045‚
1001 1630 1193 1692 quamquam
1226 1617 1342 1693 poetas

163 1718 263 1786 etiam
293 1717 328 1784 in
358 1718 420 1783 hoc
449 1719 533 1798 pede
562 1721 750 1783 accentuum
780 1717 1029 1800 congruentiam
1053 1719 1243 1786 observasse
1267 1737 1343 1784 con·

161 1829 241 1892 stat.
287 1824 384 1890 Unde
412 1828 470 1889 aut
496 1822 735 1907 suspicabimur
761 1828 874 1905 poetas
901 1823 964 1889 hac
991 1823 1132 1890 formula
1155 1824 1285 1891 dicendi
1308 1825 1342 1890 in

161 1929 374 1998 interioribus
396 1929 534 2013 pedibus
557 1936 692 2012 recepta
713 1930 883 2013 rhythmos
909 1931 1001 1997 laedi
1028 1950 1092 1998 non
1120 1931 1260 1998 sensisse
1283 1939 1342 1998 aut

162 2038 372 2122 cogitandum
395 2037 459 2102 erit
482 2038 523 2103 de
546 2036 660 2117 aliqua
682 2037 843 2104 librorum
867 2040 1062 2119 corruptela
1083 2076 1128 2086 -

251 2144 390 2210 Versum
409 2143 463 2225 qui
482 2143 633 2225 sequitur
650 2180 695 2192 —
712 2143 741 2209 si
760 2162 800 2210 ex
819 2145 965 2210 codicum
985 2147 1175 2226 corruptela
1189 2145 1340 2212 Ritsche-

161 2252 226 2318 lius
256 2251 465 2333 recuperavit
494 2250 666 2334 genuinam
696 2252 869 2318 verborum
899 2249 1034 2316 formam
1063 2250 1206 2336 (parerg.
1229 2273 1259 2334 p.
1284 2252 1340 2338 21)

161 2397 207 2408 —
230 2357 381 2425 aPlauti
403 2357 535 2441 ingenio
559 2363 595 2424 et
617 2363 691 2423 arte
713 2356 894 2440 profectum
918 2376 989 2424 esse
1012 2357 1107 2424 nobis
1130 2358 1186 2426 vix
1208 2378 1341 2440 persua·

162 2466 321 2532 dabimus:

252 2573 350 2639 Mers.
370 2575 412 2638 10
435 2574 560 2639 Eadem
584 2573 689 2639 latine
708 2573 875 2639 Mercator
892 2573 1000 2639 Macci
1023 2573 1092 2638 Titi
1116 2571 1159 2657 (B
1179 2572 1341 2655 ‘mactici’;

162 2679 259 2746 ODF
292 2679 457 2762 ‘mattici’).
509 2679 622 2761 Neque
650 2679 785 2761 placent
816 2699 898 2761 quae
926 2679 990 2748 viri
1019 2680 1106 2745 docti
1133 2678 1342 2761 protulerunt

162 2788 205 2852 ad
229 2787 448 2853 excusandam
470 2787 682 2868 spondiacam
705 2805 830 2867 vocem;
855 2805 988 2866 quorum
1011 2786 1046 2851 in
1065 2805 1196 2852 numero
1215 2787 1340 2866 primus

161 2893 394 2976 Brugmannus
420 2895 502 2960 baec
530 2894 685 2975 opinatur
711 2893 747 2977 (l.
772 2912 796 2958 s.
823 2913 854 2974 p.
878 2891 946 2977 50):
981 2893 1065 2973 „duo
1092 2891 1209 2958 ultima
1237 2895 1341 2960 verba

161 3005 230 3066 tam
267 3004 340 3066 arte
377 3000 567 3084 cohaerent,
604 3005 642 3065 ut
677 2999 857 3065 ‘mercator’
894 3003 1012 3081 poetae
1049 2997 1175 3064 licitum
1208 2996 1337 3063 fuerit.“

161 3108 231 3174 Nec
263 3107 368 3191 magis
399 3108 513 3188 placet
544 3107 629 3187 quod
661 3106 815 3173 Klotzius
851 3107 892 3171 de
924 3124 1022 3174 versu
1053 3103 1214 3173 iudicavit
1245 3103 1281 3189 (l.
1315 3125 1340 3170 s.

161 3235 193 3296 p.
216 3214 309 3300 327);
345 3213 433 3295 „Der
460 3214 609 3280 Versbau
640 3212 686 3279 ist
718 3214 821 3279 durch
849 3211 903 3280 die
925 3213 991 3278 Not
1019 3211 1247 3294 entschuldigt
1273 3214 1340 3277 und

162 3340 279 3406 wegen
310 3322 370 3387 der
400 3320 626 3405 Eigennamen
657 3325 819 3404 gewagt.“
881 3319 1082 3404 Quamquam
1117 3338 1196 3385 sane
1228 3337 1340 3385 conce·

163 3428 277 3512 dimna,
300 3447 372 3495 eum
392 3427 445 3494 cui
463 3428 517 3494 bic
533 3446 648 3495 versus
668 3428 806 3493 debetur
823 3432 960 3509 propter
976 3428 1146 3510 longorum
1165 3426 1340 3494 verborum

162 3535 355 3602 tarditatem
370 3554 502 3616 prorsus
520 3533 709 3617 neglexisse
729 3535 931 3618 elegantiam
949 3533 1210 3614 facilitatemque
1228 3550 1339 3598 nume-

161 3661 281 3710 rorum.
316 3642 409 3708 Illud
427 3647 536 3708 autem
555 3641 732 3723 quaeritur,
750 3659 826 3707 num
846 3640 917 3706 iure
936 3640 1162 3706 arbitrandum
1180 3639 1225 3704 sit
1242 3638 1340 3705 Plau·

160 3755 230 3816 tum
253 3767 325 3815 eum
348 3747 450 3815 fuisse
477 3749 535 3829 qui
557 3750 640 3814 adeo
663 3767 727 3812 non
750 3745 923 3831 defugeret
945 3746 1080 3830 linguae
1101 3745 1339 3830 necessitatem,

161 3861 199 3921 ut
226 3855 326 3922 etiam
354 3855 494 3923 vitiaret
524 3873 675 3921 numeros
702 3854 859 3921 eiusmodi
888 3854 1007 3922 verbis.
1053 3853 1102 3919 Ut
1131 3852 1216 3919 enim
1240 3872 1339 3935 supra

162 3963 380 4046 exposuimus,
409 3981 472 4028 non
496 3961 629 4029 ridetur
652 3960 784 4027 dubium
812 3961 890 4042 quin
918 3965 1037 4043 poetae
1066 3959 1275 4042 spondiacam
1303 3960 1339 4025 in

161 4069 261 4135 tertio
290 4087 311 4134 a
336 4068 401 4134 fine
431 4070 516 4150 pede
546 4087 665 4134 vocem·
690 4071 882 4149 plerumque
912 4066 1101 4149 exceperint
1129 4067 1338 4149 polysyllabo

1179 4172 1195 4223 5
