3014 4642
637 244 859 310 ...85-

161 459 293 522 prorsus
325 439 489 522 respuisse
522 439 687 507 sciendum
720 440 808 528 sit1).
864 439 937 524 Qua
973 440 1014 508 de
1046 460 1146 508 causa
1177 438 1337 508 Luchsius

163 547 317 631 (Studem.
341 549 449 615 studd.
472 548 507 614 in
530 547 625 629 prisc.
648 567 709 614 scr.
733 550 793 614 lat.
818 548 951 632 18901,
976 550 995 613 2
1019 567 1049 630 p.
1065 550 1129 615 319
1153 552 1234 632 sqq.)
1259 547 1336 630 quia

162 653 373 739 argumentis,
401 655 520 737 quibus
543 654 655 722 ‘illius’
679 655 894 722 commendari
918 653 1083 738 videatur,
1110 675 1151 722 ne
1174 655 1337 722 minimam

162 761 290 843 quidem
322 762 566 828 demonstrandi
599 761 668 826 vim
694 761 804 828 inesse
830 767 941 845 putat,
979 743 1089 829 ‘illius’
1113 762 1336 830 contractione

161 867 362 952 bisyllabum
385 866 534 934 effectum
553 867 661 935 voluit
679 867 822 952 agnosci.
858 868 925 936 Nos
943 867 1072 951 quidem
1093 874 1222 936 tantum
1243 870 1339 937 abest

161 981 200 1042 ut
221 980 325 1042 totam
349 975 570 1056 quaestionem
593 975 727 1042 uberius
750 980 979 1060 retractemus,
1007 981 1045 1044 ut
1068 978 1109 1043 de
1131 975 1172 1043 iis
1196 982 1337 1044 tautum-

162 1085 255 1150 modo
286 1080 436 1147 varsibus
471 1081 680 1166 disseramus,
718 1083 772 1163 qui
800 1082 911 1150 ‘illius’
948 1083 1126 1150 exhibeant
1163 1083 1199 1150 in
1236 1084 1337 1151 tertio

162 1209 183 1255 a
214 1189 277 1255 line
309 1191 392 1271 pede
423 1188 635 1256 iambicorum
672 1189 975 1271 trochaicorumque
1011 1209 1172 1257 versuum.
1228 1193 1337 1273 Atque

161 1295 243 1361 illud
265 1295 440 1379 praecipue
465 1301 517 1362 est
539 1296 841 1378 reprehendendum
865 1298 946 1362 duos
966 1316 1080 1365 versus
1101 1297 1222 1364 iniuria
1244 1315 1337 1365 usur·

162 1421 260 1485 passe
295 1402 386 1470 viros
424 1403 538 1469 doctos
570 1406 613 1469 ad
646 1404 916 1485 comprobandam
949 1404 1187 1486 correptionem
1219 1403 1337 1471 illius.

164 1509 306 1593 Quorum
329 1509 470 1592 priorem
494 1508 623 1576 codices
646 1509 823 1595 (Palatini)
845 1510 895 1575 ita
918 1511 1066 1577 madunt:

260 1616 351 1682 'Prin
377 1619 440 1683 163
465 1615 637 1699 Quidum
661 1636 721 1701 ego
744 1615 859 1700 dicam,
884 1615 939 1698 qui
962 1616 1056 1684 illius
1079 1615 1274 1700 sapientiam

162 1723 220 1789 ubi
238 1723 272 1788 in
293 1722 433 1790 iambum
454 1723 593 1789 deficere
615 1722 726 1789 ‘illius'
744 1722 949 1790 Ritschelius
967 1723 1243 1791 verisimillimum
1265 1742 1338 1790 esse

163 1829 257 1897 duxit
284 1830 347 1915 (op.
370 1830 414 1896 ΙΙ.
437 1850 467 1912 p.
492 1829 580 1915 tau).
626 1829 785 1911 Equidem
814 1849 893 1899 vero
923 1831 984 1897 hoc
1011 1833 1085 1898 loco
1112 1849 1228 1898 censeo
1255 1830 1337 1897 nihil

161 1937 251 2005 aliud
268 1937 396 2003 ostendi
410 1936 475 2003 nisi
489 1955 644 2003 summam
659 1938 869 2005 observatam
889 1956 961 2004 esse
979 1939 1094 2022 legem,
1115 1955 1180 2020 qua
1195 1937 1336 2002 Plautus

161 2045 196 2111 iu
219 2044 406 2128 spondiacis
430 2042 567 2112 vocibus
591 2047 647 2112 vel
671 2044 812 2127 spondeo
840 2044 942 2110 finitis
970 2045 1006 2110 in
1034 2043 1091 2110 illo
1114 2044 1197 2126 pede
1220 2042 1336 2110 admit·

162 2152 329 2219 tendisse
362 2153 535 2220 coercebat
558 2148 674 2238 (illitis
697 2148 892 2237 sapientia’).
945 2151 1013 2218 Nec
1045 2150 1131 2217 forte
1162 2151 1225 2216 hoc
1256 2149 1336 2215 mihi

162 2257 388 2326 videturesse
411 2258 545 2340 factum3
573 2261 632 2324 sed
659 2278 728 2324 cum
756 2256 888 2325 ultimos
917 2259 1017 2340 pedes
1040 2275 1103 2324 uuo
1127 2259 1240 2326 verbo·
1253 2275 1337 2324 com·

161 2366 391 2448 prehenderet,
420 2370 549 2448 poetam
580 2364 614 2430 id
644 2371 812 2447 spectasse
843 2364 1003 2431 credibile
1026 2368 1078 2430 est
1100 2370 1137 2429 ut
1160 2362 1336 2429 duritatem

161 2470 302 2552 aliquam
326 2477 442 2552 quarto
466 2471 588 2539 senarii
611 2471 687 2554 pedi
709 2470 836 2538 illatam
860 2471 981 2538 leniret
998 2471 1224 2554 rhythmorum
1243 2470 1336 2536 volu·

161 2577 295 2644 bilitate
317 2584 573 2659 accentuumque
596 2578 842 2662 concordantia,
869 2597 965 2659 quam
988 2580 1090 2663 longo
1113 2579 1279 2646 vocabulo
1302 2577 1336 2644 in

161 2684 226 2751 fine
249 2685 356 2767 posito
380 2684 496 2751 effecit.

251 2793 297 2857 At
319 2792 480 2858 lruchsius
503 2794 525 2859 l.
548 2812 573 2859 s.
596 2813 625 2874 p.
649 2794 715 2859 359
743 2792 863 2873 quippe
889 2791 946 2872 qui
968 2794 1009 2858 de
1031 2788 1140 2858 ‘illuns’
1167 2797 1202 2858 et
1223 2788 1336 2859 ‘illitis’

161 2917 297 2980 aequam
329 2906 460 2966 moveat
490 2898 716 2984 suspicionem,
750 2916 814 2965 non
847 2897 954 2964 omnia
985 2903 1076 2965 recte
1109 2917 1180 2964 esse
1211 2898 1337 2966 tradita

161 3005 346 3087 suspicatus
377 3005 434 3071 hic
462 3024 588 3088 quoque
615 3005 816 3090 bisyllabum
846 2985 953 3072 ‘illisus’
984 3001 1233 3085 praeferendum
1263 3023 1336 3071 essa

161 3111 225 3178 sibi
247 3113 421 3195 persuasit,
445 3113 639 3196 praesertim
663 3131 732 3179 cum
748 3112 916 3178 Beckerus
935 3111 970 3177 iu
989 3111 1062 3192 ‘qui’
1082 3130 1141 3192 pro
1160 3113 1337 3192 ‘quomodo’

161 3219 268 3302 posito
287 3224 463 3302 propterea
481 3219 626 3285 haeserit
644 3218 721 3300 quia
739 3219 820 3284 haec
838 3223 1005 3285 structura
1021 3217 1056 3282 in
1074 3217 1335 3302 interrogatione

162 3325 297 3407 obliqua
334 3324 464 3410 flagitet
499 3325 593 3393 verbi
629 3323 869 3392 coniunctivum
909 3324 1065 3410 (Studem.
1103 3325 1211 3390 studd.
1248 3324 1274 3390 Ι.
1308 3325 1336 3405 1,

162 3451 192 3513 p.
212 3432 300 3513 245).
345 3433 419 3498 Hoc
447 3438 556 3498 autem
583 3431 655 3498 loco
683 3430 724 3498 ob
753 3437 891 3498 metrum
919 3429 1059 3498 forsitan
1087 3448 1222 3497 excuses
1251 3430 1336 3496 indi·

162 3538 306 3606 dativum
329 3538 448 3605 ‘dediti

259 3644 348 3711 ‘Prin
374 3647 437 3711 163
461 3699 468 3714 .
483 3696 715 3715 ...........
731 3645 787 3727 qui
809 3644 903 3711 illius
926 3644 1120 3727 sapientiam

252 3821 273 3890 ²)
293 3819 327 3876 cf.
346 3839 417 3888 quae
436 3821 603 3877 Bitschelius
624 3801 760 3876 iudicavit
779 3823 835 3891 (op.
855 3821 889 3876 Il.
908 3840 935 3891 p.
956 3821 1030 3892 683):
1058 3819 1171 3887 ,Nichts
1194 3819 1271 3872 kann
1289 3837 1335 3890 ge·
1457 3808 1461 3819 '

162 3909 256 3965 misser
270 3909 337 3977 sein,
357 3910 398 3964 als
417 3910 477 3964 dale
490 3911 581 3965 moder
600 3910 661 3965 eina
676 3909 847 3980 dactylische
866 3910 939 3965 noch
953 3909 1014 3965 eina
1033 3908 1166 3964 tribrach.
1183 3907 1334 3961 Wortform

163 4001 216 4054 den
234 4000 403 4054 Versaccent
425 4001 476 4055 auf
492 4001 540 4055 der
559 3999 722 4055 Mittelsilbe
740 3999 833 4055 haben
851 3999 941 4068 kann,
965 3998 1018 4054 mit
1036 3997 1157 4070 einziger
1176 3997 1335 4052 Ausnahme

163 4089 210 4144 des
230 4090 254 4144 l.
268 4089 448 4144 Versfuisas‘.
