3014 4642
175 817 228 898 u.
254 817 331 898 nu
354 817 781 899 ruououuuaus
803 818 932 899 uuna
954 818 1073 899 rsun
1100 818 1162 900 uu
1185 800 1350 902 auun-

298 941 710 1024 rnuuuuuuuuu
734 943 924 1024 runnu
950 942 1223 1025 accurris.

264 1153 381 1222 Omnia
410 1154 590 1236 spondiaca
617 1154 721 1221 verba
750 1154 785 1221 iu
815 1153 915 1221 tertio
943 1175 964 1221 a
991 1154 1055 1221 flue
1078 1156 1161 1237 pede
1184 1156 1350 1224 collocata

172 1261 323 1344 quoniam
351 1261 552 1329 absolvimus
580 1280 755 1343 eorumque
783 1262 824 1328 de
851 1260 1097 1328 condicionibus
1121 1265 1246 1329 certum
1268 1260 1349 1330 feci·

171 1388 241 1435 mus
264 1369 431 1452 iudicium,
458 1367 522 1435 iam
550 1370 772 1450 quaerendum
800 1373 852 1435 est
879 1387 1019 1450 quanam
1046 1368 1175 1436 ratione
1201 1368 1253 1436 usi
1280 1369 1349 1437 ‘ille

171 1475 243 1542 iste'
274 1475 465 1559 pronomina
496 1481 614 1558 poetae
646 1473 839 1542 admiserint
874 1475 909 1543 in
946 1475 1043 1542 illam
1080 1495 1195 1545 versus
1228 1477 1348 1544 sedem.

170 1584 281 1664 Atque
312 1582 347 1649 iu
378 1583 440 1649 hac
470 1601 508 1649 re
543 1585 753 1665 explananda
784 1581 869 1650 illud
905 1583 1108 1666 potissimum
1144 1583 1348 1666 perscrutari

171 1709 251 1771 opus
284 1694 344 1774 est,
374 1690 503 1756 casdem
536 1692 628 1774 leges
660 1691 697 1759 in
724 1689 776 1756 his
805 1708 931 1772 quoque
958 1689 1068 1758 verbis
1096 1693 1210 1758 valere
1238 1695 1346 1758 utrum

169 1802 288 1878 poetae
320 1795 486 1864 volueriut
517 1815 628 1864 necne.
680 1796 822 1881 Quorum
852 1797 893 1863 de
923 1795 1076 1879 prosodia
1105 1796 1265 1864 dissensio
1295 1803 1349 1864 est

169 1903 257 1970 inter
284 1903 375 1971 viros
403 1904 524 1970 doctos.
574 1903 625 1970 Ac
652 1904 790 1986 primum
817 1903 946 1985 quidem
974 1903 1179 1971 Skutschius'
1196 1904 1232 1971 in
1260 1904 1345 1972 libro

170 2030 269 2093 supra
301 2016 547 2078 commemorato
579 2030 633 2094 pp.
661 2012 815 2077 97-147
854 2016 891 2077 ut
923 2010 1095 2093 expediret
1129 2010 1346 2078 difficultates

168 2117 233 2184 illa
255 2118 444 2201 pronomina
466 2117 632 2185 interdurn
654 2138 713 2200 pro
736 2117 969 2202 monosyllabis
993 2118 1144 2184 habenda
1164 2137 1236 2185 esse
1255 2117 1343 2187 evin·

169 2244 243 2291 cere
271 2225 407 2310 studuit,
439 2225 490 2292 itu
516 2230 553 2291 ut
580 2225 639 2309 ‘ill‚
667 2224 745 2309 illd,
773 2224 845 2302 illc,
872 2224 944 2291 istc'
972 2224 1204 2308 pronuntietur
1235 2227 1345 2292 altera

168 2331 279 2398 vocali
315 2351 498 2414 suppressa.
566 2333 725 2414 Reliquas
759 2337 868 2400 autem
903 2331 1026 2400 formas
1063 2332 1183 2411 (veluti
1218 2332 1344 2415 ‘illum’)

169 2437 294 2521 duplici
325 2439 454 2506 ratione
486 2441 641 2505 Plautum
673 2440 933 2507 accommodasse
964 2438 1139 2524 rhythmis:
1171 2439 1228 2506 ubi
1258 2439 1342 2507 euim

167 2550 305 2628 propter
332 2551 468 2613 metrum
496 2546 619 2613 ictuum
647 2547 847 2615 consociatio
880 2549 1117 2631 postularetur,
1149 2551 1278 2630 poetam
1310 2547 1343 2614 in

168 2652 285 2718 ultima
307 2651 433 2719 acuisse
456 2651 567 2720 ‘illim'
591 2653 728 2735 proclisi
756 2654 918 2736 adhibita3
948 2672 1049 2735 quare
1075 2653 1259 2720 mirandum
1287 2659 1344 2720 aut

167 2757 392 2826 offendendum
415 2778 481 2826 nou
504 2779 590 2844 esse,
618 2761 813 2828 creberrime
837 2781 878 2828 ea
900 2760 1045 2830 inveniri
1072 2760 1108 2827 in
1129 2759 1343 2828 interioribus

166 2865 369 2948 dipodiarum
391 2867 538 2949 pedibus.

254 2973 351 3041 Hanc
381 2974 550 3041 Skutschii
580 2973 932 3050 seutentiamssirtius
940 2975 966 3061 ¹)
1001 2976 1213 3044 vehementer
1240 2976 1341 3058 impu·

166 3100 272 3164 gneus
295 3081 427 3147 illorum
450 3081 591 3164 priorem
617 3081 779 3164 syllabam
801 3100 838 3148 re
861 3100 942 3149 vera
969 3101 1207 3167 nonnumquam
1235 3102 1342 3150 corre·

165 3192 256 3269 ptam
279 3206 351 3253 esse
379 3188 516 3272 monuit,
548 3188 583 3254 id
607 3191 692 3269 quod
721 3187 786 3254 iam
809 3193 885 3254 ante
914 3207 986 3254 eum
1009 3189 1069 3255 alii
1093 3188 1341 3257 affirmaverunt

165 3292 383 3378 (Ritschelius
405 3294 440 3360 in
463 3295 555 3376 proll.
583 3314 612 3376 p.
637 3294 773 3380 OOLX).
824 3294 935 3377 Neque
958 3295 1059 3362 aliter
1082 3295 1186 3363 sensit
1209 3296 1276 3364 Leo
1300 3296 1340 3361 de

164 3400 299 3467 illorum
322 3401 476 3482 prosodia
499 3400 553 3487 (cf.
572 3403 682 3468 Plaut.
700 3401 834 3468 Forsch.
857 3422 909 3484 pp.
935 3404 1008 3468 291.
1033 3403 1122 3490 292).
1168 3403 1238 3470 Iam
1261 3422 1339 3471 vero

166 3526 225 3572 uos
244 3506 414 3573 videamus
436 3508 471 3574 in
493 3509 556 3574 hac
580 3508 794 3591 disceptanda
817 3508 1008 3589 quaestione
1031 3508 1060 3574 si
1079 3509 1158 3590 quid
1177 3512 1340 3576 lucremur

165 3631 205 3678 ex
227 3613 280 3696 iis
304 3633 387 3694 quae
408 3614 449 3680 de
468 3614 718 3696 spondiacarum
737 3634 854 3683 vocum
877 3634 937 3681 usu
960 3615 993 3682 in
1012 3616 1202 3683 universum
1222 3635 1338 3702 coguo-

163 3738 277 3787 umus.

253 3932 275 4000 ²)
293 3948 362 3986 mus.
374 3931 462 3986 Rhen.
477 3933 529 3986 vol.
544 3933 575 3986 51
593 3951 640 4002 pp.
653 3933 810 3999 atu—2723
829 3933 993 3990 Skutschius
1013 3939 1112 3992 contra
1129 3935 1250 3991 Birtiunr
1270 3935 1337 3992 ibid.

162 4037 189 4088 p.
204 4019 257 4073 478
277 4036 337 4089 sqq.
