3014 4642
590 239 813 305 ..15-

116 434 394 519 1511111111,
418 434 502 501 Com.
526 434 627 502 1111.
652 436 796 518 611111
820 435 851 502 ei
876 435 1024 503 testatim
1048 434 1223 519 diffregero

116 544 189 608 158.
212 541 369 626 Laevius,
401 543 456 608 Fr.
490 542 526 609 P.
558 542 596 609 R.
626 545 645 609 7
678 543 862 610 Baehrens:
897 537 1108 626 vituperones
1140 541 1296 609 subducti

214 648 367 731 supercili
885 637 888 643 ’
1211 714 1213 718 ,

118 756 337 831 Gravioribus
351 762 460 824 autem
471 755 670 839 corruptelis
680 760 863 839 depravata
871 757 1027 826 videntur
1039 758 1121 824 haec
1132 759 1295 839 exempla:

210 863 279 931 Mil.
302 867 365 931 481
389 863 486 930 Satin
509 863 594 930 abiit
617 863 807 945 illoneque
831 864 913 931 erile
937 864 1108 949 negotium

215 972 319 1038 Stich.
345 973 408 1037 165
442 1021 716 1038 .............
746 971 939 1039 oboriuntur
962 971 1082 1038 cotidie

214 1079 312 1144 Mero.
338 1080 400 1144 182
434 1077 497 1161 Qui
520 1079 629 1161 potuit
652 1078 787 1147 videre?
817 1077 829 1166 11
859 1080 983 1146 Oculis.
1013 1077 1025 1165 11
1051 1077 1122 1161 Quo
1144 1078 1262 1161 pacto?
1279 1077 1291 1165 11

325 1184 506 1252 Hiantibus

212 1293 343 1377 Fragm.
367 1295 409 1358 63
433 1291 602 1378 (il-Son)
626 1291 691 1375 Qui
718 1299 789 1377 regi
811 1293 1029 1360 latrocinatos
1057 1294 1165 1361 decem
1190 1311 1292 1360 annos

329 1399 496 1466 Demetrio

112 1505 176 1590 Qui
209 1511 387 1588 sequantur
418 1506 481 1574 loci
515 1512 550 1572 et
584 1506 758 1574 iambicam
791 1513 826 1574 et
863 1507 1072 1592 spondiacam
1109 1527 1291 1574 mensuram

112 1613 300 1680 admittunt.

210 1721 296 1787 Men.
320 1723 383 1787 485
409 1772 704 1788 ..............
728 1723 812 1788 bene
835 1721 883 1788 fui
907 1720 1077 1804 dispendio

211 1828 311 1895 Poen.
333 1828 418 1894 1312
442 1870 462 1895 .-
465 1879 696 1896 ...........
720 1830 866 1911 sarranis
887 1829 1078 1896 sementium

324 1933 365 1987 De
384 1933 543 2002 quant'tute
561 1934 633 1988 nihil
652 1937 770 1989 constat.

208 2023 376 2092 1111487
401 2076 676 2093 .............
701 2026 781 2108 quid
804 2026 853 2092 rei
877 2025 1077 2093 commiscuit

111 2132 216 2198 Recte
239 2131 381 2199 fortasse
405 2133 569 2200 emendati
592 2138 669 2200 sunt
691 2133 725 2199 hi
748 2132 823 2200 loci:

211 2239 282 2306 Cas.
307 2242 369 2307 781
403 2239 491 2307 Cena
514 2240 570 2308 ubi
594 2241 660 2307 erit
683 2245 790 2321 cocta3
820 2260 882 2324 ego
907 2240 976 2306 ruri
998 2238 1106 2326 (post)
1129 2258 1289 2308 cenavero

325 2344 359 2398 cf.
379 2344 407 2400 0.
427 2345 457 2400 F.
476 2345 520 2404 W.
539 2344 667 2400 Muelleri
686 2349 767 2416 ‘pros
787 2344 837 2399 Pl!
855 2363 883 2416 p.
903 2346 964 2401 504.

208 2434 299 2501 Asin.
324 2437 387 2502 571
412 2435 479 2503 Ubi
503 2436 568 2503 eris
592 2437 709 2503 damno
732 2435 801 2522 <et>
824 2436 994 2503 molestiae
1018 2441 1053 2502 et

323 2539 441 2595 Bothius
460 2541 608 2613 supplevit.

200 2793 252 2858 Ab
275 2791 327 2858 his
356 2791 502 2858 omnibus
526 2811 565 2858 ea
586 2792 734 2861 volumus
757 2792 926 2877 segregari
949 2795 1113 2877 exempla,
1141 2812 1224 2875 quae
1247 2812 1288 2860 ex

112 2899 248 2966 Publilii
263 2899 340 2982 Syri
353 2899 552 2980 aliorumque
571 2898 744 2967 sententiis
763 2901 1003 2983 depromantur,
1023 2900 1058 2966 in
1077 2900 1194 2981 quibus
1214 2918 1288 2984 gra·

110 3006 265 3073 vissimas
296 3008 391 3087 leger
421 3007 578 3072 metricas
611 3006 731 3074 violari
761 3006 849 3073 haud
881 3026 956 3075 raro
989 3008 1167 3074 observare
1198 3006 1287 3073 licet.

110 3113 289 3180 Praeterea
321 3112 388 3180 viri
421 3112 509 3179 docti
542 3113 640 3180 huius
677 3114 801 3180 demum
833 3113 954 3181 aetatis
986 3133 1139 3197 magnam
1176 3132 1287 3180 earum

110 3225 235 3301 partem
256 3220 584 3287 accommodaverunt
602 3220 754 3287 numeris.
798 3222 867 3287 Iam
889 3221 923 3287 in
944 3220 986 3288 iis
1005 3241 1089 3303 quae
1107 3225 1288 3303 sequuntur

111 3345 219 3392 omnes
242 3329 333 3393 locos
351 3327 584 3410 congessimus,
606 3327 663 3409 qui
681 3327 832 3395 similiter
854 3329 903 3394 ita
922 3347 957 3395 se
976 3329 1107 3413 habent,
1130 3334 1168 3395 11
1190 3346 1286 3410 spon·

110 3434 226 3500 dianae
255 3451 354 3502 voces
384 3452 448 3500 uno
482 3433 690 3515 excipiantur
719 3436 878 3503 vocabulo
910 3435 1041 3503 ultimos
1073 3436 1155 3502 duos
1186 3436 1287 3518 pedes

110 3542 265 3624 amplexo.
311 3540 412 3626 (Usus
439 3560 509 3609 1111
537 3541 695 3626 editions,
728 3561 823 3624 quam
852 3543 983 3612 curavit
1011 3542 1090 3609 Otto
1116 3541 1288 3609 Friedrich

110 3668 139 3715 a.
164 3647 274 3735 1880.)

218 3759 246 3822 1.
269 3755 322 3822 Ex
344 3762 462 3838 quarto
486 3756 607 3824 senarii
630 3755 700 3824 loco
723 3757 807 3824 haec
830 3762 999 3824 sumuntur
1021 3759 1174 3841 exempla
1264 3829 1265 3833 ,
1317 3798 1319 3804 ‹

324 3883 352 3931 a
376 3884 417 3930 ex
440 3863 577 3931 Publilii
598 3863 675 3947 Syri
697 3864 885 3932 sententiis:

110 3990 140 4054 p.
163 3974 215 4037 41.
238 3971 268 4036 Ε
294 3974 344 4038 10.
389 3971 436 4037 Et
458 3973 545 4037 male
568 3970 624 4053 qui
648 3970 785 4056 faciunt,
807 3973 947 4039 oderunt
969 3971 1119 4040 iniuriam

109 4099 139 4160 p.
163 4081 214 4144 56.
238 4077 273 4143 Μ
298 4081 347 4146 17.
393 4079 486 4145 Mala
509 4084 561 4146 est
582 4081 740 4147 voluntas
763 4079 904 4147 alienum
928 4080 1103 4147 resciscere
