3014 4642
758 237 978 301 -20..

281 434 415 502 Klotzio
450 432 719 515 consentiremus,
754 431 887 516 lingrme
919 431 1090 515 gravitate
1122 436 1236 513 poetas
1269 432 1352 498 adeo
1384 450 1456 498 esse

283 547 413 608 coactos
441 543 619 623 putandum
648 543 748 622 esset,
776 544 813 604 ut
840 537 1034 621 spondiaoas
1061 538 1095 604 iu
1118 539 1220 605 tertio
1244 557 1264 604 a
1286 538 1350 605 fine
1373 540 1456 620 pede

281 668 379 717 voces
407 667 478 714 oum
505 647 615 732 longis
643 645 908 726 tardioribusque
935 645 1106 714 vocabulis
1135 648 1343 728 copularent,
1373 663 1456 726 quae

282 762 444 839 occupent
457 759 620 822 extremos
634 756 716 821 duos
732 756 830 820 locos.
862 752 935 837 Qua
953 753 1084 819 ratione
1103 754 1320 835 spondeorum
1334 751 1456 834 asperi-

281 868 335 930 tas
366 865 469 929 multo
497 862 600 946 magis
634 865 811 946 augeretur
840 861 1001 926 tarditate
1030 859 1094 926 illa
1123 860 1296 929 verborum
1326 878 1457 926 versum

281 969 470 1036 finientium.
510 969 606 1034 Hanc
629 973 737 1034 autem
761 968 920 1034 rationem
944 987 1131 1049 perversam
1155 986 1227 1034 esso
1245 966 1357 1034 statim
1382 985 1458 1032 oon·

281 1076 460 1159 fitebimur,
489 1076 639 1157 quoniam
664 1095 763 1157 supra
786 1075 1032 1160 ,intelleximus
1060 1094 1157 1156 quarn
1185 1075 1279 1141 facili
1307 1081 1457 1156 transpo-

284 1184 404 1250 sitione
426 1184 575 1265 Plautus,
604 1182 633 1247 si
656 1182 825 1264 voluisset,
848 1201 1076 1264 nonnunquam
1100 1201 1223 1249 omnem
1248 1181 1455 1248 offensionem

283 1290 446 1360 vitaturus
469 1289 595 1357 fuisset.

372 1397 497 1481 Quibus
520 1395 677 1479 expositis
700 1397 743 1462 ad
766 1397 885 1463 iustam
905 1396 1154 1478 spondiaoarum
1176 1415 1290 1462 vocum
1314 1395 1457 1477 explica-

283 1505 405 1572 tionem
428 1504 628 1587 adducimur,
658 1504 700 1570 de
723 1523 788 1586 qua
810 1503 874 1569 iam
898 1509 999 1570 antea
1021 1505 1143 1569 mentio
1166 1509 1246 1570 erat.
1292 1503 1343 1568 De
1365 1502 1458 1569 indu·

283 1612 367 1678 stria
389 1616 504 1694 poetas
528 1609 730 1692 quaesivisse
753 1615 847 1693 patet
872 1612 976 1676 talem
998 1612 1172 1677 verborum
1198 1610 1458 1677 consecutionem

282 1718 454 1801 longisque
490 1717 662 1786 vocabulis
696 1717 730 1783 in
767 1717 858 1784 exitu
897 1737 1048 1784 versuum
1091 1717 1265 1784 collocatis
1302 1736 1358 1784 eos
1394 1736 1459 1783 non

199 1874 203 1883 ·
283 1819 421 1909 auxisse,
443 1844 555 1893 verum
580 1824 679 1891 etiarn
702 1824 900 1890 imminuisse
923 1825 1139 1907 spondeorum
1162 1826 1385 1906 asperitatem.

374 1932 423 1997 Ac
446 1931 474 1997 si
498 1930 570 2011 quis
593 1932 716 2016 legerit
744 1931 989 2012 enuntiaritque
1013 1951 1124 1999 omnes
1145 1951 1261 2000 versus
1285 1924 1384 2014 supra
1407 1950 1459 1996 ex·

284 2041 437 2122 scriptos,
472 2028 551 2105 sane
588 2039 701 2105 audiet
732 2039 905 2105 mollitiem
939 2041 1100 2119 quandam
1132 2039 1203 2106 soni
1237 2038 1460 2123 polysyllabis

284 2148 395 2217 verbis
410 2151 564 2230 exortam,
585 2147 702 2228 quibus
717 2146 855 2212 extremi
871 2146 934 2212 duo
948 2147 1049 2229 pedes
1068 2146 1321 2213 constituuntur.
1350 2145 1461 2226 Neque

285 2254 423 2320 difficile
442 2259 493 2320 est
510 2253 694 2336 intellectu,
720 2272 851 2320 curnam
871 2253 1026 2321 eiusmodi
1042 2255 1204 2322 vocabula
1222 2253 1256 2319 in
1275 2253 1369 2319 finem
1388 2272 1461 2321 ver·

286 2380 377 2429 suum
408 2360 534 2427 reiecta
563 2380 766 2427 numerorum
797 2359 957 2427 facilitati
987 2360 1106 2443 optime
1137 2361 1315 2428 consulant.
1368 2360 1460 2426 Sicut

286 2469 371 2536 enim
398 2468 484 2549 apud
508 2467 653 2533 Graecos
676 2473 780 2533 -ut
803 2470 984 2550 exemplum
1008 2468 1141 2534 afferam
1167 2507 1207 2514 —-
1231 2467 1339 2534 Nonni
1361 2469 1461 2534 hexa-

285 2575 383 2643 metri
402 2577 442 2641 ob
461 2574 683 2657 rhythmorum
704 2573 875 2640 mollitiam
894 2574 1042 2659 insigues
1061 2580 1145 2658 sunt,
1169 2575 1288 2658 quippe
1308 2576 1364 2656 qui
1388 2595 1461 2657 par·

286 2683 439 2766 oxytonis
462 2681 597 2750 vocibus
618 2681 766 2763 plerique
785 2681 1002 2748 terminentur
1024 2682 1163 2763 ideoque
1186 2682 1220 2747 in
1243 2683 1355 2748 ultimo
1379 2684 1462 2765 pede

287 2790 465 2856 exhibeant
483 2788 606 2855 ictuum
627 2787 884 2873 congruentiam,
906 2789 957 2854 ita
975 2789 1010 2855 in
1027 2789 1102 2855 illis
1116 2790 1272 2871 exemplis
1291 2791 1462 2873 longorum

286 2895 483 2963 volubilitas
501 2897 736 2963 vocabulorum
759 2914 800 2961 ex
819 2897 932 2962 eadem
951 2901 1141 2963 accentuum
1160 2896 1384 2963 concinnitate
1407 2915 1463 2962 ex·

287 3002 497 3085 plicationem
533 3002 643 3068 habet.
701 3003 784 3068 Nam
820 3002 1004 3083 ubicunque
1040 3005 1175 3071 verbum
1213 3008 1370 3085 quattuor
1405 3007 1462 3072 vel

288 3108 430 3191 quinque
457 3110 662 3192 syllabarum
693 3109 816 3175 ultimis
845 3110 970 3177 duobus
999 3110 1138 3192 pedibus
1171 3110 1463 3194 comprehenditur,

287 3215 534 3302 grammaticum
557 3215 656 3282 ictum
681 3236 807 3298 semper
835 3236 905 3283 oum
930 3217 1065 3284 metrico
1089 3217 1284 3284 concordare
1308 3220 1463 3284 observa·

288 3342 366 3389 mus.
402 3323 519 3404 Itaque
542 3321 642 3389 facile
666 3323 901 3405 suspicabimur
924 3324 988 3390 tali
1011 3325 1234 3407 rhythmorum
1258 3325 1401 3392 mollitia
1425 3345 1464 3391 ac

288 3429 470 3499 velocitate
493 3431 535 3495 ad
559 3433 804 3510 exaequandam
824 3432 1036 3513 asperitatem
1055 3439 1168 3514 poetas
1192 3451 1263 3498 csse
1286 3451 1362 3499 ursos
1385 3452 1464 3515 eam,

289 3556 385 3618 quam
412 3535 589 3618 spondiaco
616 3538 781 3605 vocabula
812 3538 911 3604 tertio
940 3558 960 3604 a
987 3538 1050 3604 fine
1083 3541 1165 3620 pede
1197 3539 1326 3606 inclusa
1353 3540 1464 3606 versui

288 3642 440 3709 inierant.
486 3643 561 3709 Huc
590 3642 677 3710 illud
710 3663 838 3725 quoque
868 3645 1010 3728 accedit,
1041 3650 1077 3711 ut
1106 3647 1248 3712 Plautus
1276 3666 1315 3713 ac
1344 3646 1465 3728 reliqui

290 3755 408 3833 poetae
436 3769 627 3830 quamquam
656 3750 689 3816 in
718 3751 782 3818 alio
810 3754 982 3820 verborum
1010 3772 1134 3819 conexu
1166 3752 1312 3835 quintum
1341 3754 1465 3821 senarii

289 3857 395 3924 locum
424 3876 595 3925 reservare
625 3860 734 3923 solent
763 3859 952 3940 spondiaois
981 3861 1038 3928 vel
1070 3861 1290 3942 anapaesticis
1320 3862 1465 3947 vocibus,

290 3969 398 4030 tamen
421 3965 462 4028 ab
480 3963 543 4030 hac
562 3965 796 4030 consuetudine
815 3967 971 4032 recedere
990 3971 1158 4050 cogantur,
1182 3968 1210 4034 si
1233 3967 1297 4034 iam
1317 3970 1353 4034 in
1372 3989 1465 4052 prac-

291 4071 428 4137 cedente
451 4090 566 4139 versus
590 4074 667 4138 sede
691 4072 759 4138 eius
783 4073 914 4156 generis
934 4074 1038 4141 verba
1056 4074 1118 4140 sibi
1138 4075 1361 4142 indulserunt:
1386 4077 1465 4143 druo-
