3014 4642
636 252 859 316 ...54-

252 448 434 529 Supersunt
466 453 533 513 1111
565 446 632 513 loci
657 447 773 529 Amph.
802 448 866 513 999
899 449 982 513 Eun.
1013 447 1077 512 915
1106 447 1234 512 Phorm.
1263 448 1336 526 957,

163 573 295 636 quorum
310 556 351 620 de
365 553 507 637 genuina
521 553 685 637 scriptura
699 553 916 637 suspicionem
929 572 1114 621 moveamus
1128 571 1192 618 non
1205 571 1337 618 necesse

163 665 222 745 est,
246 681 439 743 quamquam
464 661 565 727 elisas
586 663 722 729 voculas
744 667 863 743 poetae
886 663 1077 743 plerumque
1098 679 1164 725 non
1181 660 1338 726 videntur

163 769 295 834 duxisse
317 769 439 835 iustam
462 769 600 851 spondei
625 769 869 835 excusationem
896 767 991 854 (conf.
1015 787 1068 850 pp.
1088 769 1139 833 22.
1163 767 1229 853 23).
1276 767 1337 832 His

163 875 247 941 enim
270 875 355 942 locis
372 876 556 958 particulae
578 877 660 959 ‘que‚
682 878 733 942 ne’
757 875 858 942 elisae
882 875 981 941 aliam
1005 876 1130 941 habent
1148 874 1214 942 vim
1237 879 1337 956 atque

162 984 221 1065 ί11,
249 983 307 1048 est’
331 982 436 1049 veluti
461 982 496 1048 in
524 982 967 1070 ί11111111111(1)111Ῥ111.
991 983 1065 1048 959.
1110 981 1256 1062 Namque
1279 999 1338 1062 per

112 1084 117 1094 '
164 1108 199 1155 se
231 1095 371 1171 apparet
402 1090 651 1171 ‘praesentique’
684 1091 818 1157 eundem
852 1088 1005 1173 flagitare
1037 1094 1206 1154 accentum
1238 1093 1338 1170 atque

164 1195 394 1278 ‘persentirem’
417 1197 471 1264 vel
494 1196 562 1262 tale
586 1196 677 1280 qnid,
704 1197 775 1263 sive
798 1195 937 1263 eliditur
958 1195 1077 1261 ultima
1104 1196 1239 1277 syllaba
1267 1194 1338 1261 sive

164 1322 229 1368 non
252 1301 393 1370 eliditur.
438 1305 556 1385 Itaque
578 1322 643 1370 non
667 1307 719 1369 est
742 1322 800 1369 our
822 1302 1030 1384 offendamur,
1055 1302 1142 1384 quod
1164 1303 1249 1368 Eun.
1273 1303 1337 1368 915

163 1408 291 1476 Phorm.
311 1411 374 1476 957
399 1412 559 1492 spondeus
577 1421 642 1477 non
661 1429 724 1476 uno
743 1409 908 1492 excipitur
925 1411 1087 1477 vocabulo
1105 1407 1240 1475 ultimos
1258 1409 1338 1473 duos

164 1518 265 1598 pedes
295 1516 454 1597 amplexo.
503 1517 616 1598 Neque
646 1516 888 1598 astipulandum
918 1515 984 1582 erit
1012 1515 1053 1581 iis
1081 1534 1165 1597 quae
1191 1515 1338 1598 lindsey

165 1624 206 1689 de
223 1623 286 1689 tali
306 1623 424 1690 enclisi
438 1625 579 1691 coniecit
595 1624 630 1710 (l.
645 1643 714 1706 sp.
731 1625 820 1709 188):
843 1624 956 1704 „Auch
969 1623 1056 1706 fallt
1074 1622 1137 1690 wie
1152 1642 1186 1689 es
1201 1621 1338 1704 soheint‚

164 1728 220 1796 bei
238 1730 377 1797 Plautus
399 1730 453 1796 bei
471 1731 669 1816 Elidiernng
691 1733 749 1797 des
772 1732 809 1796 ‘e'
827 1749 892 1799 von
915 1733 987 1812 ‘que
1010 1730 1060 1796 ne'
1081 1731 1139 1795 der
1161 1729 1339 1795 metrische

164 1835 256 1903 Ictus
278 1837 491 1922 regelmdssig
513 1837 573 1903 anf
592 1837 646 1903 die
671 1836 777 1920 Silbe,
805 1837 859 1903 die
881 1836 935 1902 bei
958 1836 1084 1902 Fehleu
1106 1837 1167 1902 der
1189 1834 1340 1902 Partikel

165 1945 230 2010 den
255 1944 383 2010 Accent
408 1963 448 2009 zu
476 1949 594 2029 tragon
621 1945 710 2010 hat“.
760 1944 830 2011 Iam
857 1943 962 2026 igitur
984 1945 1100 2026 Amph.
1129 1945 1193 2010 999
1222 1942 1339 2012 verisi-

165 2050 336 2117 millimum
351 2055 411 2136 est,
429 2069 606 2133 pronomen
620 2052 688 2116 ‘me'
707 2050 823 2117 elisum
837 2070 876 2117 ac
891 2051 1088 2133 spondiacus
1102 2050 1176 2118 voci
1188 2049 1339 2116 suffixum

165 2159 288 2225 Plauto
324 2159 474 2225 idoneum
506 2158 611 2226 visum
648 2176 721 2224 esse
757 2177 820 2240 quo
852 2157 996 2225 leniatur
1027 2157 1163 2240 spondei
1194 2156 1339 2224 offensio.

166 2264 277 2348 Quare
306 2265 421 2332 Bothii
453 2265 742 2347 transpositionem
775 2265 986 2332 ‘adsimulabo
1019 2284 1091 2331 esse
1123 2283 1174 2330 me
1204 2265 1339 2331 ebrium’

164 2370 232 2436 noli
261 2373 415 2455 probare,
443 2371 638 2455 praesertim
668 2391 740 2439 cum
770 2372 910 2439 omnium
939 2372 1096 2439 librorum
1125 2371 1340 2455 congruentia

165 2478 270 2546 verba
292 2477 510 2544 defendantur
532 2497 553 2543 a
576 2478 779 2545 coniecturis.

254 2585 375 2651 Restat
395 2589 434 2651 ut
453 2585 601 2654 breviter
619 2604 778 2668 exponam
797 2587 838 2652 de
857 2587 1139 2652 Menaechmorum
1158 2605 1256 2654 versu
1276 2588 1339 2652 930

168 2691 221 2777 (cf.
240 2713 269 2774 p.
285 2689 350 2778 52),
373 2692 466 2758 cuius
488 2692 581 2758 hiatu
605 2691 662 2773 qui
684 2693 721 2758 11
744 2711 881 2759 caesura
898 2694 1044 2759 traditur
1067 2694 1213 2760 editores
1232 2693 1337 2761 velnt'

168 2797 323 2866 Goetzius
352 2805 386 2865 et
408 2799 475 2867 Leo
502 2818 567 2866 non
590 2799 806 2866 offenduntur.
852 2799 982 2866 Brixius
1005 2802 1097 2866 solus
1119 2799 1242 2866 hiatum
1268 2799 1340 2867 tolli

165 2905 291 2972 indicat
317 2906 488 2973 scribendo
516 2907 623 2989 ‘quoii’
651 2906 707 2992 (cf.
735 2908 821 2972 Men.
849 2910 898 2973 ed.
927 2927 954 2972 a.
986 2909 1070 2973 1873
1098 2907 1132 2972 11
1160 2907 1340 2989 appendice

167 3015 210 3077 ad
233 3032 263 3079 v.
287 3012 335 3099 1.).
384 3013 474 3079 Idem
497 3014 619 3080 retinet
640 3015 726 3079 hanc
748 3012 881 3079 formam
905 3015 990 3079 Men.
1014 3016 1078 3079 492
1103 3021 1137 3080 11
1159 3014 1252 3079 'Prin
1276 3017 1339 3080 358

167 3119 232 3184 558
240 3119 275 3206 1).
326 3119 484 3200 Equidem
511 3126 549 3185 ut
575 3123 678 3186 talem
706 3119 831 3186 hiatum
859 3126 973 3202 poetas
1001 3120 1171 3187 admisisse
1199 3123 1339 3204 credam,

168 3226 324 3314 hocloco
346 3244 412 3291 non
435 3245 647 3310 commoveor,
669 3226 861 3308 praesertim
885 3246 957 3293 cum
976 3237 1010 3293 et
1028 3232 1106 3294 ante
1124 3233 1159 3293 et
1176 3233 1251 3309 post
1268 3247 1340 3295 ver-

168 3351 237 3398 sum
252 3332 453 3399 Bitschelius
468 3335 617 3400 lacunam
633 3334 823 3419 signaverit.
852 3334 906 3420 (cf.
920 3336 1006 3400 Men.
1021 3336 1071 3401 ed.
1086 3353 1107 3400 a
1120 3334 1157 3400 F.
1173 3334 1340 3402 Schoellio

166 3440 368 3524 recognitam
392 3440 551 3526 11889).
587 3441 640 3506 Ita
662 3441 697 3506 in
719 3442 781 3508 hoc
804 3460 931 3523 quoqne
953 3460 1051 3509 versu
1069 3440 1218 3508 voculam
1240 3441 1341 3507 inter·

168 3546 288 3612 cidisse
310 3547 412 3613 facile
435 3547 613 3628 opinamur.
649 3547 763 3629 Neque
787 3548 943 3630 displicet
961 3550 1046 3629 qnod
1064 3548 1248 3614 Muellerus
1267 3556 1341 3630 post

167 3654 310 3722 ‘resolvi’
337 3653 476 3720 inseruit
502 3654 550 3719 ‘ei'
579 3653 628 3739 (11
650 3673 736 3736 pros.
759 3656 809 3720 Pl.
833 3676 862 3736 p.
888 3654 975 3740 558).
1021 3655 1092 3720 Has
1114 3654 1217 3739 igitur
1240 3656 1340 3722 habe·

167 3779 236 3825 mus
266 3761 412 3827 rationes
441 3755 536 3827 duas:
566 3781 662 3826 uuam
691 3768 730 3827 ut
758 3761 967 3828 restituamus
994 3761 1099 3842 ‘quoii’
1126 3762 1341 3844 bisyllabum;

256 4010 276 4077 ¹)
295 4009 329 4062 de
348 4007 442 4077 ‘quoii'
462 4007 496 4063 cf.
516 4007 663 4062 Ritschelii
682 4025 727 4077 op.
746 4009 779 4062 ll.
799 4026 826 4078 p.
845 4009 895 4062 421
918 4027 962 4078 sq3
982 4009 1127 4079 Niemeyer
1147 4009 1183 4063 ad
1198 4009 1274 4065 Trin.
1289 4010 1341 4065 358

168 4095 225 4150 Mil.
245 4095 305 4152 351.
