3014 4642
646 243 867 309 ..73-

258 441 378 508 Restat
403 447 441 508 ut
464 461 520 508 eos
543 439 745 523 proferamus
767 458 896 523 versus,
924 438 980 520 qui
1002 437 1176 505 manifesta
1199 438 1345 519 corrupti

168 547 252 614 nihil
274 550 412 616 valeant
434 551 476 615 ad
499 554 646 615 nostram
668 550 776 632 legam
798 547 1036 614 infirmandam:

171 657 221 722 19.
246 653 410 722 Caecilius
429 657 470 723 57
494 654 627 722 nimium
651 660 822 737 corruptus
845 673 866 719 a
885 652 1068 720 Ribbeckio
1088 652 1138 719 sic
1157 650 1343 719 exhibetur:

182 807 184 811 «
266 762 400 829 Vtinam
423 761 571 845 pisciculi
593 767 628 829 te
650 763 789 846 schama,
811 761 882 828 sine
906 761 1059 828 cruribus

169 869 324 954 (tescioli
353 871 528 937 schematb’
559 869 665 955 codd.)
715 868 943 936 Difficultates
972 867 1114 935 removit
1142 867 1206 934 iam
1236 866 1343 950 Brug-

168 995 306 1045 mannus
328 977 348 1044 l.
367 998 392 1043 s.
416 998 446 1060 p.
466 980 517 1060 34,
546 976 603 1058 qui
626 977 775 1043 ‘schama’
798 975 928 1060 generis
954 973 1101 1042 feminini
1123 992 1188 1040 non
1207 971 1344 1064 spondei

168 1083 227 1148 sad
249 1083 351 1152 iambi
375 1101 556 1151 mensuram
579 1103 723 1166 aequans
747 1082 902 1150 ostendit.

169 1192 220 1257 20.
243 1190 392 1258 Lucilius
416 1194 481 1258 504
506 1193 672 1259 Baehrens
695 1190 790 1277 (Non.
814 1211 844 1272 p.
867 1191 987 1274 499,18
1010 1189 1059 1275 M)

401 1349 541 1367 .......
565 1299 629 1365 sibi
651 1299 867 1364 misereantur
889 1297 939 1362 sai
960 1296 1033 1381 ipsi,
1055 1296 1142 1379 vide,

266 1405 373 1472 Causa
393 1406 530 1473 illorum
551 1412 591 1471 at
611 1405 780 1487 superiore
803 1403 987 1472 conlocavit
1010 1422 1047 1469 sa
1069 1406 1142 1470 loco

166 1511 261 1579 Libri
288 1519 397 1580 autam
424 1515 508 1580 haec
534 1516 752 1581 servaverunt
778 1513 894 1580 verba:
926 1510 964 1576 ‘si
992 1509 1188 1577 miserantur
1214 1528 1251 1575 sa
1277 1509 1340 1592 ipsi

166 1619 244 1687 vide
266 1638 307 1685 na
329 1619 458 1686 illorum
481 1639 581 1687 causa
603 1619 771 1702 superiore
796 1619 867 1685 loco
891 1616 1097 1700 conlocauit’,
1126 1655 1167 1665 —
1196 1636 1279 1697 quae
1305 1622 1341 1684 nt

166 1725 201 1791 in
223 1726 303 1793 illos
325 1746 477 1794 numeros
497 1727 737 1794 distribuantur
758 1725 846 1791 haud
867 1744 1028 1806 quaquam
1045 1723 1212 1808 flagitant,
1235 1743 1340 1805 neque

166 1832 251 1900 anim
274 1833 445 1916 quicquam
468 1833 591 1917 obstat,
619 1833 698 1915 quin
724 1830 885 1899 trochaici
912 1831 1091 1913 septenarii
1120 1830 1250 1896 initium
1272 1831 1339 1897 leni

165 1940 346 2009 mutatione
369 1940 418 2007 sic
445 1946 626 2008 statuamus
655 1939 820 2027 (similiter
843 1943 944 2021 atque
966 1939 1155 2005 Lachmann
1179 1937 1270 2024 619):

264 2047 300 2114 Si
322 2047 522 2115 miserantur
544 2067 578 2114 se
602 2047 667 2130 ipsi
689 2047 767 2115 vide
790 2066 832 2114 ne
854 2047 989 2113 illorum
1012 2065 1110 2112 causa
1130 2067 1165 2110 aa
1186 2045 1256 2111 loco

262 2153 436 2236 Superiora
460 2157 644 2223 conlocarit
667 2192 709 2203 —

165 2264 217 2329 21.
241 2260 362 2329 Accius
387 2264 449 2330 127
483 2262 570 2328 Deae
595 2261 765 2329 Minervae
796 2261 913 2327 donum
941 2258 1152 2342 armipotenti
1180 2260 1339 2326 abeuntes

1094 2365 1202 2432 Danai
1225 2365 1339 2432 dicant

164 2474 272 2544 Servii
296 2477 386 2543 codd.
411 2474 459 2562 (in
481 2478 563 2544 Aen.
586 2476 631 2543 ΙΙ.
656 2475 712 2561 17)
740 2475 871 2543 inverso
898 2473 1012 2541 ordina
1040 2473 1200 2555 praebent
1223 2474 1338 2541 verba:

885 2580 1002 2649 ‘Danai
1024 2582 1184 2647 abeuntes
1208 2579 1338 2647 dicant'.

164 2690 216 2755 22.
239 2688 387 2756 Lucilius
411 2692 476 2756 626
500 2689 710 2775 Baemens1).

261 2796 326 2862 Hic
348 2815 400 2862 ma
423 2796 478 2862 ubi
501 2796 597 2880 vidit,
621 2795 859 2878 subblanditur,
882 2797 1049 2877 palpatur,
1073 2798 1173 2874 caput
1195 2793 1304 2858 scabit

162 2900 212 2969 ita
239 2906 328 2986 apud
354 2903 492 2970 Nonium
520 2903 563 2989 (p.
587 2905 683 2986 472,4
707 2902 769 2988 Μ);
801 2902 922 2967 Festus
949 2905 1058 2966 autem
1085 2901 1167 2965 haec
1194 2904 1337 2965 tantum·

162 3012 256 3077 modo
279 3009 424 3077 frustula
446 3009 632 3078 asservavit
655 3009 699 3095 (p.
724 3009 840 3093 210,19
864 3008 925 3094 Μ);
949 3005 1024 3074 ‘Ubi
1048 3025 1099 3072 ma
1119 3005 1212 3089 vidit,
1236 3013 1336 3088 caput

162 3116 279 3201 scabit,
302 3119 400 3199 pedes
419 3117 521 3202 legit’.
559 3118 671 3199 Atque
689 3121 724 3183 ut
748 3135 821 3182 mea
844 3114 973 3196 quidem
995 3112 1062 3181 fert
1080 3112 1198 3197 opinio,
1221 3132 1336 3181 versus

161 3224 247 3290 hunc
277 3225 313 3290 in
343 3226 470 3291 modum
500 3223 595 3291 exiit:
625 3226 633 3258 ‘
635 3276 730 3291 .....
762 3219 860 3306 capuit
892 3223 1015 3290 scabit’.
1070 3222 1169 3303 Apud
1199 3221 1335 3286 Festum

160 3330 265 3415 igitur
286 3331 472 3399 memoriam
494 3330 636 3398 fortasse
657 3332 814 3397 habemus
841 3329 974 3414 genuini
997 3329 1170 3396 verborum
1197 3326 1335 3409 ordinia3

161 3437 300 3519 ideoque
322 3438 544 3522 proposuerim
566 3444 606 3505 ut
628 3438 675 3504 sic
699 3437 930 3504 distribuatur:

259 3545 496 3613 Subhlanditur
525 3547 580 3612 hic
609 3548 778 3628 palpatur,
811 3544 867 3610 ubi
899 3564 949 3610 me
981 3541 1067 3611 vidit
1096 3539 1196 3624 cipit
1227 3541 1335 3607 scabit

259 3653 367 3720 Pedes
389 3653 477 3737 legit
498 3689 542 3701 —

161 3762 213 3826 23.
236 3760 357 3826 Accius
381 3761 445 3826 302
469 3759 571 3845 (apud
593 3759 673 3824 Non.
697 3780 726 3841 p.
751 3761 825 3842 200,
850 3757 906 3844 17)

160 3905 375 3916 .----

251 4010 273 4078 ¹)
292 4008 326 4064 cf.
345 3998 523 4062 Skutschium
543 4025 610 4061 mus.
629 4008 715 4062 Rhan.
734 4006 778 4061 48.
794 4025 822 4076 p.
841 4005 906 4061 307:

290 4096 342 4151 Hic
361 4114 405 4152 ma
423 4096 473 4152 ubi
491 4096 570 4164 vidit,
590 4096 781 4168 suppalpatur,
802 4097 888 4166 caput
906 4093 1004 4161 scabit,
1023 4093 1108 4165 pedes
1126 4093 1196 4166 legit
1329 4138 1333 4145 .
