3014 4642
610 247 833 313 ..13-

132 445 205 509 145.
229 441 308 509 ibid.
332 443 398 508 496
523 442 553 508 01
577 460 650 509 000
672 441 734 508 1110
758 441 965 524 relinqueres
989 448 1311 519 (0100000100)

135 552 206 615 146.
231 549 323 632 Capt.
347 552 412 616 314
483 600 689 617 ..........
713 550 810 615 11100
833 548 905 616 11110
928 548 1096 616 curaverit

135 659 207 723 147.
230 655 309 722 ibid.
334 659 398 723 600
422 707 676 724 ............
700 675 764 740 00,
790 661 828 722 01
847 656 903 722 1111
924 656 1097 740 mastigiae

132 767 204 830 148.
229 764 323 831 Oura.
347 767 411 831 598
442 815 629 832 .........
653 783 758 850 apage
780 763 890 830 istanc
912 763 1096 830 caniculam

132 874 204 939 149.
228 873 327 940 Poen.
351 874 413 939 381
441 923 580 940 .......
585 922 603 940 ,.
618 923 648 938 ..
671 871 736 938 0101
759 890 821 956 ego
845 870 899 937 illi
921 870 1094 955 mastigiae

133 981 205 1045 150.
229 978 332 1046 Stich.
353 979 414 1045 131
441 1030 514 1047 ....
531 1030 538 1044 .
553 1032 560 1046 .
575 1030 582 1044 .
597 1029 626 1046 ..
650 983 756 1062 pater,
778 977 883 1045 illisce
903 978 1095 1060 apsentibus

398 1088 429 1153 b.
452 1089 539 1169 apud
562 1085 763 1152 Terentium:

132 1195 205 1259 151.
229 1195 292 1260 Ad.
317 1196 380 1260 508
410 1244 683 1261 .............
707 1191 807 1258 01010
830 1192 932 1259 illaec
956 1191 1096 1260 licentia

220 1567 316 1634 Hanc
353 1568 496 1634 locorum
534 1565 776 1633 multitudinem
814 1584 885 1632 cum
921 1565 1025 1633 oculis
1063 1565 1308 1650 perlustramus,

129 1671 228 1741 facile
259 1672 485 1758 intellegimus
515 1691 751 1755 nonnumquam
785 1674 889 1741 verba
920 1672 969 1739 ita
1000 1691 1096 1755 posse
1129 1673 1308 1758 transponi,

131 1786 169 1848 01
190 1782 354 1864 spondeus
378 1799 420 1847 ex
442 1780 506 1846 illa
527 1783 606 1847 sede
630 1779 824 1862 depellatur.
867 1779 980 1862 Neque
1003 1785 1114 1848 tamen
1136 1780 1307 1863 quisquam

129 1888 341 1973 corrigendos
373 1906 447 1955 esse
478 1907 595 1956 versus
626 1889 714 1954 tales
746 1886 811 1955 sibi
840 1887 1065 1972 persuadebit,
1097 1908 1169 1955 cum
1197 1907 1307 1955 omnes

129 2002 265 2080 propter
288 1995 483 2063 simillimam
509 1994 797 2066 conformationem
821 1996 986 2078 genuinae
1008 1995 1150 2079 speeiem
1173 1995 1308 2080 originis

127 2123 208 2186 pree
231 2123 267 2170 se
289 2102 409 2170 ferant.
452 2103 540 2171 Ordo
564 2103 669 2188 igitur
690 2105 863 2171 verborum
887 2104 1071 2171 turbandus
1093 2122 1159 2170 non
1182 2103 1247 2169 erit
1269 2109 1307 2169 ut

128 2214 280 2293 exempla
303 2210 436 2277 afferam
459 2210 511 2278 his
533 2211 627 2280 locis:

226 2318 312 2386 Men.
330 2319 394 2383 542
414 2318 510 2385 duom
527 2336 687 2385 nummum
701 2316 878 2403 stalagmia
918 2340 987 2380 non:
1006 2342 1150 2380 nummum
1168 2325 1252 2379 duom
1272 2327 1306 2379 st.

226 2425 327 2492 Stich.
354 2427 416 2492 188
445 2425 508 2492 iam
534 2425 565 2492 ei
587 2425 690 2494 verbo
714 2424 875 2494 vicarium
921 2449 990 2488 non:
1009 2432 1065 2488 iam
1084 2433 1168 2489 verbo
1187 2432 1214 2488 01
1233 2450 1257 2487 v.

226 2533 305 2600 ibid.
328 2535 393 2599 457
417 2533 497 2600 meis
520 2531 619 2600 dictis
643 2533 806 2600 deleniem
918 2558 987 2597 non:
1006 2540 1090 2596 dictis
1108 2540 1176 2596 meis
1195 2541 1222 2597 d.

226 2640 311 2706 Men.
336 2641 401 2706 330
424 2642 468 2707 ad
490 2638 629 2706 Volcani
652 2639 844 2708 violentiam
917 2665 986 2703 non:
1007 2648 1125 2703 Volcani
1144 2649 1180 2702 cd
1198 2667 1222 2702 v.

127 2746 174 2813 Et
197 2746 258 2813 alii
281 2747 374 2814 multi
396 2752 482 2830 sunt,
505 2765 639 2828 quorum
658 2748 836 2830 spondeum
854 2747 923 2814 leni
941 2748 1123 2815 mutatione
1146 2746 1305 2816 extentio

127 2874 148 2920 0
170 2853 234 2921 fine
257 2855 341 2937 pede
365 2855 474 2921 eicere
491 2853 660 2938 possimus.
697 2853 746 2920 Ac
764 2873 806 2920 ne
828 2853 915 2920 illud
935 2854 1062 2935 quidem
1081 2873 1141 2921 nos
1164 2854 1306 2940 effugiet,

127 2960 155 3027 si
182 2961 367 3029 accuratius
397 2960 536 3028 indicem
568 2980 668 3043 supra
698 2959 893 3028 confectum
909 2961 1157 3046 inspexerimus,
1190 2967 1305 3044 poetas

126 3067 179 3136 hic
202 3068 278 3135 illic
298 3068 569 3136 allitterationem
593 3087 690 3150 quam
714 3068 786 3134 dico
808 3068 843 3134 in
866 3073 1014 3135 extrema
1037 3087 1187 3137 versuum
1211 3075 1306 3151 parte

128 3175 336 3257 quaesivisse.
374 3175 468 3259 Quae
491 3174 629 3242 000110
651 3174 726 3259 0101,
750 3174 922 3257 pristinam
940 3174 1079 3243 fortasse
1097 3174 1232 3242 formam
1255 3196 1306 3242 re·

127 3301 285 3365 00001000
311 3283 394 3350 11001
416 3283 453 3349 10
475 3281 527 3349 his
550 3283 726 3366 exemplis,
754 3301 886 3364 quorum
914 3282 1092 3365 spondiaca
1114 3285 1218 3351 verba
1240 3282 1306 3352 viri

126 3391 219 3457 docti
242 3389 277 3457 in
299 3389 517 3473 suspicionem
540 3395 755 3458 vocaverunt:

128 3499 200 3565 152.
224 3496 370 3565 Lucilius
402 3499 467 3563 642
501 3496 683 3564 Baehrens:
725 3515 899 3578 rerumque
933 3496 1021 3563 inter
1055 3516 1090 3564 se
1126 3496 1305 3582 coniungat
1352 3497 1358 3504 ’

235 3603 452 3671 communicat
493 3610 544 3681 (ita
563 3610 656 3680 codd.)

128 3713 200 3778 153.
224 3711 376 3778 ’111091
399 3762 613 3778 ..........
636 3709 680 3776 01
703 3729 738 3776 00
762 3709 863 3776 certis
887 3710 1090 3779 certissimus

340 3815 525 3871 mihieseertis
544 3816 568 3868 A
588 3815 674 3885 (Leo),
694 3816 777 3870 centis
796 3815 913 3871 mihies
933 3815 1164 3887 (Gesta-Schoell)

129 3909 201 3977 154.
225 3908 340 3990 Amph.
362 3910 428 3974 490
461 3957 689 3973 ...........
712 3913 751 3972 01
773 3906 899 3975 celetur
922 3908 1091 3976 consuetis

340 4028 422 4081 quem
435 4029 544 4067 versum
558 4028 615 4066 nna
629 4029 690 4066 cum
706 4013 888 4069 antecedente
903 4014 1039 4084 expunxit
1051 4015 1197 4086 Laugenus
1212 4012 1304 4070 studd.

393 4100 484 4157 Plaut.
505 4102 582 4156 1886.
601 4119 628 4171 p.
648 4101 709 4156 236.
