3014 4642
639 255 861 320 „35-

162 451 289 518 Eadem
319 450 424 534 igitur
453 450 576 518 ictuum
607 451 822 535 congruentia
852 449 1006 534 efficitur,
1037 470 1132 533 quam
1163 451 1339 521 observare

160 557 258 623 licuit
279 557 313 624 in
336 557 448 625 verbis
471 557 603 624 ultimos
626 559 707 625 dnos
729 559 830 640 pedes
853 557 1020 641 amplexis,

501 772 530 836 2.
554 771 609 837 De
631 771 1004 854 praepositionibus.

252 913 381 980 Deinde
404 914 534 981 tabulas
557 920 789 997 percurrentes
812 914 846 980 in
865 933 980 982 versus
1003 913 1183 998 incidimus
1206 933 1340 997 quorum

162 1030 311 1090 extrema
342 1026 438 1103 parte
468 1020 730 1103 praepositiones
761 1019 991 1088 contineantur
1021 1041 1093 1088 eum
1123 1021 1340 1090 subrtantivis

162 1128 366 1197 coniunctae.
397 1128 507 1210 Atque
529 1126 688 1195 eiusmodi
706 1128 810 1196 verba
829 1127 994 1195 interdum
1015 1128 1124 1196 subire
1143 1127 1339 1195 artissimam

162 1235 406 1320 copulationem
424 1235 489 1302 iam
508 1236 717 1316 antiquorum
733 1234 930 1302 testimoniis
944 1236 1123 1303 edocemur.
1155 1235 1209 1302 Ex
1223 1235 1341 1317 quibus

162 1343 396 1429 gravissimum
425 1340 624 1425 Quintiliani
652 1343 713 1409 hoo
740 1342 875 1410 afferam
906 1342 946 1427 (I,
976 1344 1006 1425 5,
1037 1344 1104 1425 27):
1136 1342 1239 1423 „Nam
1269 1361 1339 1410 oum

163 1451 238 1517 dico
257 1449 387 1516 ‘circum
405 1448 515 1516 litora’
535 1454 698 1531 tamquam
719 1468 816 1516 unum
834 1449 967 1516 enuntio
987 1448 1190 1516 dissimulata
1206 1449 1339 1516 distino-

163 1557 267 1639 tione;
294 1556 406 1637 itaque
431 1563 595 1638 tamquam
619 1556 653 1623 in
678 1575 742 1623 una
765 1575 845 1625 voce
868 1561 920 1623 est
942 1560 1069 1624 acuta“
1116 1556 1191 1623 Huc
1214 1575 1341 1639 quoque

164 1683 206 1731 ex
234 1662 525 1731 Grammaticorum
554 1662 673 1730 studiis
701 1668 865 1748 spectant,
893 1683 976 1745 quae
1003 1664 1130 1731 Marius
1153 1662 1341 1731 Victorinus

164 1769 379 1854 praescripsit
392 1767 447 1856 (G.
461 1770 498 1836 L.
509 1769 564 1837 VI.
578 1791 608 1853 p.
623 1771 675 1854 23,
696 1771 737 1836 10
756 1770 810 1857 K),
831 1771 921 1838 ouius
939 1772 1043 1839 verba
1061 1776 1211 1854 repetere
1229 1789 1342 1852 super-

164 1877 306 1963 sedeo¹).
342 1876 407 1943 Sed
429 1876 500 1960 ipso
525 1897 566 1943 ex
588 1877 707 1944 Plauto
731 1877 893 1962 discimus,
917 1897 1012 1959 quam
1035 1883 1109 1945 arte
1130 1878 1217 1946 talia
1239 1881 1342 1947 verba

163 1985 252 2052 inter
270 2003 305 2050 se
324 1984 533 2050 cohaereant.
570 1983 652 2050 Nam
677 2002 746 2050 cum
770 1984 823 2051 hio
847 1984 918 2050 illio
939 1984 1076 2069 legimus
1094 1983 1238 2068 ‘propter
1256 1986 1342 2052 tmo-

164 2092 242 2158 rem’
261 2091 347 2156 ‘ante
361 2091 479 2173 pedes’,
498 2095 709 2173 anapaestum
726 2097 822 2157 extra
835 2093 979 2174 regulam
995 2091 1165 2159 formatum
1179 2092 1343 2175 patiemur

165 2201 207 2266 ob
237 2199 322 2264 hano
345 2200 449 2263 solam
473 2216 616 2281 causam,
645 2198 724 2279 quia
752 2200 845 2266 ambo
869 2200 1034 2267 vocabula
1062 2199 1156 2280 quasi
1183 2199 1217 2266 in
1245 2218 1341 2266 unum

165 2303 415 2374 confunduntur.
472 2332 477 2342 ·

256 2410 347 2495 Quae
371 2431 442 2478 cum
465 2413 514 2479 ita
537 2412 614 2496 sint,
638 2412 889 2480 admirationem
911 2432 976 2480 non
999 2418 1116 2498 movet
1140 2415 1226 2495 quod
1246 2433 1342 2496 spon·

166 2521 282 2588 diacae
308 2517 343 2585 in
371 2521 471 2586 tertio
499 2539 519 2586 a
546 2520 610 2586 fine
637 2521 721 2602 pede
746 2539 844 2590 voces
868 2523 969 2588 semel
992 2526 1091 2604 atque
1113 2520 1232 2587 iterum
1256 2520 1343 2588 exci-

165 2629 303 2713 piuntur
329 2628 431 2697 verbo
462 2646 534 2694 cum
564 2627 807 2710 praepositione
837 2628 990 2707 qualibet
1016 2628 1199 2695 coniuncto.
1245 2628 1342 2693 (iuius

167 2734 299 2820 generis
321 2735 469 2817 exempla
491 2735 593 2801 habes
614 2734 708 2801 haec:

265 2842 361 2926 Epid
379 2844 445 2908 400
465 2892 738 2909 .............
762 2841 851 2910 Cave
875 2840 949 2908 siris
968 2860 1038 2908 cum
1056 2840 1128 2908 filia

266 2950 337 3019 Cas.
361 2952 403 3017 59
426 2950 610 3031 Propterea
632 2967 697 3016 una
720 2948 883 3015 consentit
903 2967 975 3015 cnm
997 2947 1068 3015 filio

166 3057 250 3127 Hiat
273 3076 401 3138 versns3
425 3074 530 3136 neque
554 3059 665 3122 tamen
689 3057 894 3139 despondeo
918 3055 1150 3123 dubiabimus.
1191 3055 1342 3122 Camera-

165 3164 235 3231 rius
258 3163 387 3230 iniecit:
408 3161 483 3250 (ea)
505 3181 577 3229 una.

266 3270 367 3336 Mero.
386 3271 451 3336 988
475 3320 662 3336 .........
686 3289 759 3336 cum
781 3269 897 3355 porcis,
921 3289 993 3336 cnm
1015 3269 1129 3337 fiscina

267 3375 360 3443 Onrc.
384 3377 448 3444 275
480 3427 687 3443 ..........
711 3375 766 3460 qui
788 3377 921 3443 missust
942 3377 976 3445 in
1000 3377 1128 3444 Cariam

267 3482 358 3550 Pera.
380 3483 443 3549 826
474 3534 570 3550 .....
594 3502 689 3566 quem
712 3482 790 3550 olim
812 3481 958 3551 faclebat
979 3483 1013 3551 in
1035 3483 1129 3551 Ionia

266 3590 351 3657 Rud.
375 3591 461 3657 1284
484 3590 568 3657 Nam
590 3590 722 3657 lenones
744 3609 787 3657 ex
809 3590 939 3658 Gaudio

268 3696 434 3765 Caecilius
453 3699 515 3764 161
541 3696 610 3763 Dat
632 3696 743 3764 ieiuna
764 3697 883 3765 anima.
905 3735 950 3747 -
973 3697 1028 3763 Nil
1048 3704 1165 3780 peccat
1188 3699 1229 3764 de
1247 3698 1342 3767 savio

258 3927 281 3996 ¹)
299 3924 446 3981 Praeterea
469 3925 503 3979 de
522 3924 716 3995 pronominum
736 3925 850 3995 proelisi
868 3942 952 3994 qnam
971 3925 1088 3981 dicimus
1107 3928 1232 3982 conferas
1251 3929 1341 3997 velim,

167 4031 241 4086 qnae
253 4013 400 4086 proferunt
412 4013 628 4069 Stolo-Sehmalz
641 4014 697 4068 ‘lat
713 4013 842 4068 Gramm!
858 4014 934 4068 1900.
949 4032 976 4084 p.
992 4015 1050 4069 101.
1073 4017 1101 4068 et
1113 4014 1234 4085 lindsey
1247 4015 1343 4090 (Nohl)

168 4106 203 4160 ‘d.
223 4105 274 4161 iat.
293 4103 364 4174 Spr.'
384 4104 461 4158 1897.
480 4122 507 4173 p.
529 4103 605 4158 193⁸.

1178 4193 1195 4248 3
1203 4193 1217 4223 Ἄ
