3014 4642
708 239 953 305 ..73-

235 438 286 504 29.
310 435 411 504 Stich.
437 437 498 503 131
529 485 848 504 ...............
870 433 982 502 illisce
1004 434 1195 518 apsentibus

235 545 286 611 30.
310 544 405 610 'Pruc
429 545 493 610 842
521 593 796 612 .............
823 542 920 609 istam
943 561 1011 609 rem
1033 541 1194 626 intellego

235 652 287 718 31.
311 650 439 718 Cistell.
461 653 504 716 49
529 650 726 733 Semperque
748 650 847 716 istam
870 669 967 731 quam
989 668 1076 716 nunc
1099 649 1201 716 habes

236 758 287 822 32.
310 757 412 824 Stich.
436 759 500 824 675
526 757 616 841 Quid
639 776 701 841 ego
725 757 801 824 hino
824 775 908 838 quae
930 756 1001 823 illic
1023 755 1137 823 habito
1161 773 1274 822 exeam

450 883 479 947 2.
502 884 590 966 apud
613 881 815 949 Terentium:

237 991 288 1056 33.
311 989 441 1056 Phonn
464 991 529 1055 639
555 1040 672 1057 ......
696 989 777 1073 Quis
799 993 834 1056 te
856 987 961 1056 istaec
983 987 1081 1055 iussit
1103 986 1196 1071 loqui

237 1098 289 1163 34.
312 1095 390 1163 ibid.
410 1098 474 1162 744
498 1147 727 1164 ...........
751 1115 861 1164 verum
886 1097 972 1163 istoc
994 1115 1044 1162 mc
1067 1095 1197 1163 nomine
1322 1175 1327 1180 .

238 1204 289 1269 35.
312 1203 393 1269 Hec.
418 1204 481 1269 114
505 1253 672 1272 ........
697 1200 710 1290 Η
735 1203 812 1270 istic
835 1221 913 1270 sum.
939 1200 951 1290 Η
977 1203 1072 1270 Hanc
1095 1201 1291 1268 Bacchidem

238 1311 290 1376 36.
313 1309 375 1376 Α6.
400 1310 464 1375 508
492 1360 788 1379 ..............
812 1309 912 1376 nimia
934 1311 1038 1377 illaec
1060 1309 1197 1376 licentia

327 1416 420 1483 Inter
448 1419 507 1483 hos
536 1417 641 1502 igitur
670 1420 712 1485 36
742 1435 857 1484 versus
887 1416 1104 1500 conspicimus
1133 1419 1154 1484 9
1181 1415 1337 1483 similiter
1362 1415 1413 1482 ita

239 1523 436 1608 compositos
465 1530 504 1591 ut
532 1524 689 1592 finiantur
716 1526 815 1610 longo
844 1524 1008 1592 vocabulo
1035 1523 1171 1591 ultimos
1198 1525 1279 1591 duos
1310 1525 1412 1606 pedes

240 1632 532 1713 comprehendente
551 1631 606 1718 (oi.
625 1651 677 1715 pp.
693 1631 825 1718 1213).
862 1629 957 1715 Quod
975 1650 1039 1698 non
1057 1630 1219 1698 tarditate
1237 1631 1412 1698 verborum

240 1736 390 1805 effectum
413 1757 499 1823 esse,
523 1745 562 1806 ut
584 1738 734 1806 Klotnius
755 1739 908 1807 universe
932 1738 1113 1821 explicavit
1134 1739 1221 1805 hunc
1243 1756 1349 1821 usum,
1377 1739 1412 1803 in

239 1845 411 1927 pmpatule
435 1852 498 1928 est,
526 1885 568 1895 -
597 1848 638 1913 de
666 1866 731 1928 qua
757 1864 794 1913 re
817 1844 1014 1914 Skutschius
1040 1851 1132 1912 recte
1157 1842 1319 1914 iudicavit
1341 1847 1365 1913 l.
1388 1864 1412 1910 s.

241 1971 270 2033 p.
292 1955 363 2019 126.
408 1953 525 2035 Itaque
548 1958 678 2036 poetam
700 1952 914 2020 terminantes
938 1954 1017 2019 duos
1041 1953 1141 2036 pedes
1164 1953 1258 2019 nulla
1280 1953 1323 2018 de
1345 1951 1413 2018 alia

241 2077 339 2126 causa
354 2062 527 2142 copulasse
541 2060 718 2144 opinamur,
733 2059 798 2126 nisi
816 2078 881 2140 qua
899 2078 1009 2126 omnes
1022 2057 1093 2126 fere
1107 2058 1302 2142 spondiacus
1315 2077 1413 2126 voces

241 2168 377 2233 cundem
400 2167 503 2235 locum
527 2173 726 2250 occupantes
753 2167 883 2248 excepit
910 2185 974 2233 uno
997 2167 1161 2234 vocabulo
1184 2184 1315 2233 versum
1339 2185 1412 2232 oon·

242 2275 408 2341 eludente:
437 2281 474 2341 ut
501 2274 636 2357 spondei
663 2273 820 2344 videlicet
846 2273 1046 2359 gravitatem
1074 2273 1281 2356 aliquomodo
1308 2273 1414 2340 suble-

241 2386 346 2447 varet.
383 2381 505 2448 Contra
526 2382 584 2448 hos
603 2387 713 2448 autem
731 2382 819 2450 locos
838 2384 931 2448 stant
952 2380 1013 2466 illi,
1035 2380 1070 2447 in
1090 2380 1208 2463 quibus
1225 2379 1414 2446 ultimorum

241 2487 358 2569 pedum
390 2487 554 2569 copulatio
586 2506 650 2554 non
682 2488 727 2554 sit
758 2487 945 2572 conspicua,
982 2487 1071 2568 iique
1102 2488 1272 2570 aliquanto
1304 2486 1414 2570 plures

242 2594 430 2660 offeruntur.
461 2594 573 2675 Neque
592 2595 727 2662 multum
745 2596 831 2662 hanc
843 2613 1050 2663 numerorum
1069 2594 1231 2661 rationem
1245 2600 1416 2678 mutamus,

242 2719 314 2768 cum
338 2719 421 2783 quae
443 2701 568 2768 incerte
591 2701 719 2770 tradita
741 2708 818 2770 sunt
841 2703 883 2770 ab
906 2702 978 2769 illis
1002 2701 1206 2769 secernimus.
1253 2699 1416 2768 Omittere

243 2806 346 2890 igitur
367 2808 448 2875 licet

340 2917 459 2984 Bacch.
474 2920 539 2985 866
563 2969 570 2984 .
586 2969 593 2985 .
608 2971 615 2985 .
630 2971 637 2985 .
653 2919 767 3003 Egone
786 2917 871 2984 istuc
885 2916 974 2984 dixi?
999 2915 1011 3006 ll
1031 2917 1085 2984 Ita
1104 2916 1255 3002 (propter
1267 2914 1417 3001 hiatum.)

341 3025 438 3091 'l‘ruc
462 3027 525 3091 842
550 3075 693 3093 .......
716 3025 813 3091 istam
837 3042 905 3090 rem
928 3024 1090 3109 intellego
1118 3023 1233 3109 (plane
1256 3024 1418 3107 deprava-

922 3135 999 3199 tum.
1023 3130 1062 3198 cf.
1086 3131 1229 3197 Leonem
1252 3131 1296 3197 ad
1318 3131 1349 3197 h.
1372 3130 1418 3214 v.)

243 3236 309 3304 Hic
333 3236 461 3319 quidem
484 3238 688 3323 neglegimus
710 3239 771 3305 hos
794 3256 921 3320 quoque
940 3255 1065 3321 versae,
1089 3237 1144 3320 qui
1167 3236 1280 3304 ‘illius’
1303 3237 1339 3303 in
1357 3237 1419 3303 illo

243 3344 326 3426 pede
350 3347 539 3412 ostendunt:
566 3346 664 3413 Mero.
689 3348 731 3411 48
763 3345 851 3412 Trin.
877 3346 941 3411 163
974 3345 1103 3411 Phorm.
1127 3346 1206 3429 648,
1234 3344 1420 3427 dequibus

244 3452 340 3532 paulo
363 3451 452 3519 infra
471 3452 703 3534 disputandum
722 3452 795 3519 crit.
830 3451 902 3518 Iam
924 3452 1009 3518 hano
1031 3470 1237 3518 numerorum
1260 3451 1420 3519 habemus

243 3557 415 3626 rationem:
437 3559 525 3625 inter
549 3562 589 3625 31
614 3579 729 3628 versus
752 3559 968 3627 inveniuntur
1265 3551 1267 3555 ’

946 3684 1012 3732 uua
1030 3683 1112 3734 voce
1133 3667 1339 3748 expleantur.

947 3771 1167 3855 compluribus
1188 3771 1422 3840 contineantur

1045 3877 1164 3948 verbis.

365 3667 385 3731 9
640 3720 647 3737 .
686 3718 693 3734 .

343 3675 412 3851 22}
432 3738 565 3801 quorum
583 3724 695 3787 ultum
713 3721 777 3787 duo
789 3784 790 3787 ,
801 3720 901 3802 pedes
920 3674 937 3849 ἐ

459 3972 480 4037 i.
504 3990 531 4040 e.
555 3973 781 4038 9:22=1:2

247 4073 335 4159 Quas
359 4077 581 4160 pronominum
605 4077 812 4145 condiciones
835 4077 935 4144 multo
956 4076 1062 4160 magis
1081 4075 1281 4161 mirabimur,
1304 4076 1335 4142 si
1357 4095 1423 4142 me-
