3014 4642
800 197 1023 262 ..23-

324 398 376 461 41.
399 396 499 462 Mero.
523 397 564 461 10
590 443 885 460 ..............
908 393 1074 460 Mercator
1094 391 1202 459 Macci
1221 391 1290 458 Titi

324 504 376 568 42.
399 503 467 569 Mil.
491 504 555 568 502
580 552 854 568 .............
878 498 1044 584 virgarum
1069 500 1110 565 de
1132 503 1166 566 te
1190 501 1289 566 datur

324 612 376 677 43.
400 608 479 677 ibid.
505 611 589 674 1135
616 659 826 676 ..........
850 608 1045 689 exoptabam
1067 625 1117 673 me
1139 625 1288 674 maxume

324 720 376 785 44.
400 718 497 785 Poeu.
520 718 586 783 480
610 766 818 782 ..........
841 714 998 797 periuras.
1044 712 1131 797 Quid
1153 713 1289 796 postea?

324 827 376 892 45.
399 825 482 891 Rud.
509 826 592 891 1195
737 841 844 904 neque
871 822 1003 905 speravi
1031 841 1136 902 neque
1161 820 1288 888 credidi

324 934 376 999 46.
398 931 500 998 Stich.
523 933 586 997 661
613 980 775 998 ........
801 928 981 1013 Dionysum
1002 927 1146 1010 mihique
1169 932 1203 994 11
1223 928 1288 994 tibi

324 1040 375 1105 47.
400 1039 488 1104 Trin.
501 1039 588 1104 427¹>
613 1088 864 1105 ............
888 1055 1051 1118 pronuper
1060 1040 1096 1102 tu
1107 1041 1242 1103 exactus
1254 1054 1288 1101 es

323 1148 375 1212 48.
396 1146 492 1214 Truc.
516 1148 559 1214 64
583 1196 815 1212 ...........
840 1148 1021 1210 scortorum
1050 1143 1122 1226 plue
1146 1141 1288 1209 estsere

536 1254 567 1320 b.
591 1253 679 1334 apud
702 1250 903 1318 Terentium:

323 1364 375 1428 49.
398 1361 501 1428 Andr.
520 1362 583 1427 767
604 1358 937 1427 animadvertendum.
968 1355 980 1446 11
1007 1356 1094 1441 Quid
1114 1357 1287 1424 clamitas?

325 1471 375 1534 50.
398 1467 514 1534 Η1111.
539 1469 604 1533 296
628 1516 856 1533 ...........
880 1465 1028 1547 prolixus
1047 1463 1168 1532 circum
1189 1468 1288 1547 caput

325 1577 375 1642 51.
399 1576 481 1642 Eun.
502 1577 566 1641 915
591 1625 710 1640 ......
734 1571 968 1656 cognoscitne?
993 1569 1005 1660 Η
1031 1571 1081 1638 Α1
1101 1571 1287 1639 memoriter

324 1684 376 1748 52.
400 1683 527 1749 Phorm.
552 1683 615 1748 957
642 1733 803 1748 ........
827 1680 1059 1763 praesentique
1083 1687 1120 1746 ut
1140 1679 1186 1746 sis
1204 1699 1287 1762 para

537 1811 563 1856 c.
586 1791 673 1872 apud
698 1795 823 1856 ceteros
847 1793 964 1871 poetas
987 1808 1052 1855 non
1075 1792 1209 1855 exstant
1231 1790 1389 1869 exempla.

431 1978 468 2044 B.
492 1977 532 2046 In
551 1977 650 2044 tertio
671 1996 691 2044 a
709 1976 774 2044 fine
798 1979 882 2060 pede
905 1976 1068 2044 trochaici
1087 1975 1268 2058 septenarii
1287 1981 1322 2043 et
1340 1974 1501 2043 octonarii

491 2112 517 2178 I.
541 2110 718 2194 spondiaca
741 2111 903 2180 vocabula

537 2266 565 2312 a
589 2246 677 2327 apud
700 2245 866 2312 Plautum:

323 2364 374 2428 53.
399 2361 514 2443 Amph.
538 2363 603 2427 683
629 2412 790 2429 ........
814 2359 907 2443 quasi
930 2363 1049 2428 dudum
1074 2381 1138 2429 non
1164 2362 1285 2430 videris

323 2470 375 2535 54.
398 2467 476 2535 ibid.
500 2469 564 2534 685
590 2517 795 2533 ..........
819 2465 912 2548 quau
935 2470 1038 2534 multo
1062 2474 1137 2550 post
1160 2467 1284 2535 videris

323 2578 374 2642 55.
397 2575 475 2643 ibid.
500 2578 586 2641 1013
611 2625 774 2642 ........
799 2573 885 2658 11111
913 2570 1022 2642 omnes
1050 2578 1150 2643 aedes
1173 2596 1285 2643 sacras

322 2686 374 2750 56.
397 2683 518 2750 Bacch.
542 2684 606 2749 672
631 2734 659 2748 ..
683 2681 779 2749 nimia
801 2683 903 2749 multo
928 2682 1031 2750 minus
1055 2702 1151 2765 quam
1169 2703 1284 2766 parum

323 2791 373 2857 57.
399 2789 578 2872 0111527
605 2841 856 2857 ............
881 2790 935 2872 qui
963 2789 1049 2856 intro
1073 2791 1164 2859 venit
1191 2792 1309 2895 modo·

535 2894 623 2965 (libri:
644 2895 721 2949 venit
739 2895 822 2950 modo
841 2894 927 2966 intro)

323 2989 374 3053 58.
397 2986 468 3053 ibid
492 2988 556 3052 929
581 3039 610 3052 ..
635 2984 722 3069 11116
744 2989 872 3068 portum
896 2986 976 3052 mihi
1000 3006 1080 3068 quas
1100 2987 1283 3053 memorasti

534 3091 569 3162 (A
588 3094 617 3145 et
635 3092 656 3144 Ρ
676 3091 737 3158 ‘ad',
756 3090 811 3145 nisi
831 3091 906 3159 quod
925 3093 936 3145 1
956 3092 1058 3162 apud)

323 3186 373 3250 59.
398 3183 489 3249 Cure.
515 3183 577 3248 179
602 3233 808 3248 ..........
833 3180 897 3248 sibi
916 3201 1053 3266 pugnae,
1072 3182 1134 3250 sibi
1152 3185 1283 3266 proelia

322 3291 481 3356 6111111.
505 3291 569 3356 419
595 3340 804 3355 ..........
829 3289 891 3355 iam
917 3291 1046 3373 dudum,
1072 3292 1200 3374 mulier,
1223 3291 1284 3356 tibi

322 3396 477 3463 uribid.
501 3397 565 3461 630
590 3446 819 3461 ...........
843 3396 907 3462 buc
934 3395 1020 3462 intro
1050 3397 1145 3462 tetuli
1167 3399 1282 3479 pedem

322 3505 373 3569 62.
396 3502 474 3568 ibid.
499 3504 563 3568 648
588 3553 638 3568 ...
655 3553 661 3565 .
676 3554 683 3568 .
699 3556 705 3568 .
721 3554 750 3569 ..
774 3503 883 3586 Palla,
907 3503 1049 3586 inquam,
1069 3503 1171 3585 periit
1188 3506 1282 3571 domo

322 3612 373 3677 63.
396 3609 473 3676 ibid.
498 3611 559 3676 681
594 3660 822 3677 ...........
852 3615 890 3675 ut
912 3608 1016 3676 ferreo
1038 3611 1135 3692 paul'o
1158 3611 1282 3696 <pr>iue

216 3777 218 3781 ,
322 3719 373 3784 64.
396 3717 477 3784 ibid.
502 3719 565 3783 965
591 3767 886 3784 ..............
910 3717 997 3784 intro
1021 3718 1134 3783 mittar
1156 3721 1281 3785 domum

321 3826 372 3891 65.
396 3823 473 3891 ibid.
495 3826 580 3891 1090
679 3830 754 3906 post
776 3824 913 3891 eandem
936 3824 1077 3906 patriam
1098 3844 1137 3891 ac
1155 3833 1281 3907 patrem

321 3933 372 3999 66.
395 3931 494 3997 Mero.
514 3932 578 3997 860
677 3927 781 4012 neque
804 3937 937 3999 ventum
960 3949 1064 4013 neque
1087 3933 1281 4016 grandinem

321 4037 561 4110 barbicana
586 4088 814 4108 ...........
838 4056 908 4105 cum
931 4039 1050 4124 porcia,
1074 4058 1143 4106 oum
1167 4039 1282 4106 fiscina
