3014 4642
761 204 892 287 ..⁴24
938 239 982 252 ..

373 401 423 467 Ao
445 401 582 484 primum
606 401 735 482 quidem
758 399 858 467 facile
881 399 1101 483 expediuntur
1124 419 1164 467 eo
1187 403 1351 484 exempla,
1381 420 1457 482 quo·

283 528 353 574 rum
376 508 588 591 spondiauum
611 508 746 576 verbum
771 526 811 573 ex
834 506 1054 589 compluribus
1074 508 1283 590 compositum
1302 508 1457 575 videmur.

284 613 358 699 Qua
384 613 419 681 in
446 634 482 682 re
510 614 611 682 velim
638 613 830 681 assentiaris
858 613 1004 699 Klotzio,
1033 613 1088 696 qui
1116 614 1243 697 aliquid
1271 612 1458 681 offensionis

283 723 334 788 hie
356 723 465 789 inesse
488 723 560 789 iure
583 727 683 807 neget
711 724 745 804 (l.
769 742 793 786 s.
822 741 852 804 p.
876 721 965 809 324).
1011 721 1089 788 Cum
1113 721 1198 788 enim
1226 725 1366 803 utraque
1389 723 1458 805 syl·

283 829 363 896 labe
386 829 600 912 grammatico
623 829 693 895 ictu
717 829 923 910 percutiatur
951 829 986 895 in
1010 829 1168 896 eiusmodi
1192 828 1376 911 vocabulis,
1404 848 1459 894 uo-

284 942 383 1002 centu
405 935 439 1002 iu
463 935 549 1002 thesi
577 955 642 1002 nou
665 936 727 1002 iun]
752 936 967 1019 praevalente
995 955 1090 1002 eures
1114 935 1218 1002 minus
1241 935 1457 1002 offenduntur.

284 1042 435 1109 Ceterum
466 1063 507 1109 ue
538 1043 592 1109 hie
624 1042 753 1125 quidem
787 1045 906 1109 desunt
938 1043 1098 1126 exemplu,
1131 1062 1214 1125 quoe
1247 1045 1290 1109 ad
1323 1043 1458 1109 illorum

283 1152 430 1217 Iocorum
444 1149 690 1217 similitudinem
705 1149 906 1216 conformate
920 1155 1005 1234 sunt,
1024 1168 1104 1233 quos
1118 1170 1219 1233 supra
1231 1150 1457 1217 tractavimuu

284 1256 383 1324 cuius
405 1257 537 1342 generis
559 1258 660 1324 hebes
683 1257 778 1324 haee:

446 1404 474 1468 1.
496 1400 532 1468 in
554 1400 682 1467 senario

383 1507 460 1574 Aul.
482 1509 547 1575 380
571 1557 823 1573 ............
847 1505 901 1574 die
923 1506 1031 1588 siquid
1054 1507 1245 1591 prodegeris

382 1614 485 1681 Stich.
509 1615 573 1682 483
603 1664 723 1681 ......
752 1615 795 1680 ad
817 1633 867 1679 me
890 1633 955 1682 non
977 1613 1028 1682 vis
1051 1613 1244 1696 promittere

445 1759 474 1824 2.
496 1757 531 1823 in
554 1757 719 1823 trochaico
742 1755 928 1838 septenario

382 1864 499 1946 Amph.
523 1865 588 1931 866
612 1914 731 1930 ......
760 1863 839 1945 quid
862 1871 1036 1946 postquam
1059 1863 1244 1931 cenavimus

381 1971 478 2037 Most.
498 1971 584 2036 1163
609 2021 727 2036 ......
749 1988 855 2051 neque
878 1970 1048 2052 quicquum
1073 1988 1244 2037 suscenseo

285 2078 427 2162 Quorum
450 2096 615 2143 numerum
638 2077 735 2161 loug‘e
763 2079 925 2143 excedunt
947 2095 1074 2160 versuo,
1102 2076 1158 2159 qui
1185 2097 1249 2143 nou
1277 2083 1397 2144 exeant
1424 2078 1458 2144 in

284 2186 478 2252 vocabulum
502 2183 635 2251 ultimos
659 2185 739 2251 duos
761 2186 862 2266 pedes
885 2184 1076 2266 amplexum.
1121 2184 1194 2251 Huo
1217 2184 1385 2266 pertinent

447 2329 474 2393 1.
497 2325 531 2392 iu
554 2326 682 2394 renerio

382 2433 456 2500 Aul.
481 2435 523 2500 76
547 2485 665 2500 ......
689 2452 795 2515 neque
819 2434 990 2516 quicquam
1012 2433 1143 2501 meliust
1165 2435 1245 2500 milri

352 2527 1317 2624 ’ΜΜΛΜΜΜΜΜ-

382 2647 471 2715 Triu.
493 2649 556 2714 527
581 2698 900 2716 ...............
924 2649 988 2715 etsi
1012 2649 1171 2715 scelestus
1195 2656 1246 2716 est

382 2755 582 2822 Hermiou
607 2806 835 2823 ...........
859 2755 962 2837 Atqui
986 2775 1081 2837 quam
1105 2757 1245 2823 maxime

498 2861 574 2916 Idem
593 2862 708 2916 verbum
727 2860 869 2916 divellitur
889 2861 959 2917 Rud.
979 2861 1031 2916 946
1051 2861 1122 2916 ‘Non
1140 2861 1231 2916 audio.
1253 2863 1265 2934 Η
1287 2864 1325 2918 At
1343 2863 1391 2932 pol
1410 2863 1458 2931 qui

382 3040 508 3107 Ennius
535 2951 659 3124 ρῗῃῗέἑ.
681 3061 711 3109 v.
731 3044 795 3108 228
819 3042 916 3108 Vuhl.
939 3042 1059 3109 Plebes
1081 3041 1116 3108 in
1139 3043 1200 3109 hou
1222 3042 1294 3126 regi
1317 3043 1459 3110 antistet

443 3147 527 3214 loco:
550 3147 630 3214 litet

497 3252 580 3308 Ribb.
598 3251 629 3306 in
647 3253 742 3308 ooroll.
762 3254 798 3308 nd
817 3253 899 3325 Trug.
918 3255 950 3308 u.
969 3254 1003 3309 fr.
1025 3255 1090 3310 1871
1112 3273 1141 3326 p.
1154 3255 1279 3311 XXVIII.
1297 3254 1458 3326 proposuit:

549 3341 627 3413 lorge
646 3341 720 3397 lieet.

445 3473 474 3536 2.
497 3469 530 3534 in
554 3468 722 3535 trochaico
746 3453 934 3552 septenario

382 3575 452 3641 Mil.
477 3576 541 3642 263
566 3626 908 3644 ................
933 3595 1005 3644 sese
1028 3575 1151 3645 vidisse
1174 3597 1243 3643 eam

382 3683 480 3748 Poen.
505 3683 569 3749 385
593 3733 866 3750 .............
890 3684 1011 3765 ecquid
1033 3683 1136 3751 iacies
1159 3684 1245 3751 modi

382 3790 501 3856 Pseud.
524 3791 588 3856 389
613 3841 819 3858 ..........
843 3791 953 3857 adduc
975 3788 1134 3858 hominem
1158 3791 1223 3858 cito

445 3915 474 3979 3.
497 3913 531 3980 in
554 3913 693 3981 iambico
717 3916 906 3998 septenario

383 4019 474 4088 Cure.
499 4023 562 4089 562
586 4021 655 4089 Neo
678 4021 844 4092 vobiscum
868 4022 1037 4108 quisquam
1059 4023 1093 4092 in
1116 4022 1185 4090 foro
