3014 4642
639 203 861 270 ..50-

263 400 352 467 'irim
377 402 441 466 285
473 401 632 483 Turbant,
661 399 799 466 miscent
826 418 930 467 mores
953 399 1043 483 mali,
1071 418 1184 483 rapax,
1211 419 1340 483 avarus,

1149 552 1152 559 ·
1208 507 1340 573 invidus

250 613 371 680 Verum
399 618 438 679 ut
464 613 506 680 ad
534 613 568 678 id
596 618 800 681 revertamur
828 616 915 680 unde
946 615 1119 698 degressus
1150 620 1201 679 est
1228 632 1340 696 sermo,

162 722 261 788 aliam
277 740 316 787 ac
336 719 544 803 spondiacam
559 739 742 787 mensuram
757 720 886 786 ‘omnes'
900 721 934 786 in
946 720 1196 802 Amphitruonis
1214 741 1245 789 v.
1255 722 1339 787 1013

162 829 220 898 vix
247 827 463 913 probabimus,
494 846 566 893 oum
597 846 680 908 quae
710 827 863 894 Klotzius
893 834 1086 912 argumenta
1116 827 1247 894 dedisse
1277 827 1341 894 sibi

163 936 252 1003 visus
271 941 323 1001 est
341 935 460 1017 quibus
479 934 633 1018 syllabae
653 935 814 1017 correptio
834 937 1109 1019 comprobaretur,
1131 935 1228 1018 plane
1248 935 1341 1003 inva-

162 1042 233 1108 lida
271 1061 341 1109 esse
369 1041 642 1121 intellexerimus
679 1040 791 1122 itaque
823 1048 880 1107 aut
909 1044 1096 1108 mutandum
1128 1041 1193 1108 erit
1221 1043 1341 1108 ‘omnes

164 1152 250 1232 apud
274 1152 372 1216 aedes
395 1150 515 1215 saeras’
539 1155 597 1214 aut
620 1151 755 1215 eandem
779 1149 915 1231 spondei
936 1148 1176 1216 excusationem
1197 1148 1340 1232 suspica-

162 1256 268 1323 bimur
290 1258 352 1323 hoo
372 1275 499 1338 quoque
518 1258 590 1322 loeo
613 1261 744 1338 poetam
763 1254 976 1338 appetivisse,
1000 1275 1095 1337 quam
1113 1256 1220 1322 adhuc
1238 1257 1340 1322 anim·

62 1447 65 1451 ‚
165 1363 367 1432 advertimus
398 1363 433 1428 in
466 1361 612 1429 omnibus
645 1362 890 1444 spondiacarum
922 1382 1037 1430 vocum
1070 1362 1236 1445 exemplis.
1291 1364 1341 1428 Ac

162 1472 266 1538 verba
294 1489 378 1552 quae
406 1469 503 1535 finem
530 1488 644 1537 versus
672 1474 786 1535 tenent
813 1469 908 1536 unius
937 1471 1092 1537 vocabuli
1120 1476 1270 1536 naturam
1294 1469 1341 1534 in·

163 1579 263 1644 duero
292 1597 364 1643 cum
392 1576 502 1657 aliqua
529 1576 770 1658 probabilitate
799 1575 989 1657 conicimus;
1018 1595 1121 1659 neque
1150 1575 1234 1643 enim
1264 1579 1340 1642 laxe

163 1685 339 1751 cohaerere
367 1685 475 1749 ‘aedes
499 1683 621 1748 sacras’
644 1702 704 1765 per
727 1702 762 1748 se
790 1683 1009 1767 intellegitur,
1042 1683 1193 1765 quoniam
1220 1684 1341 1750 Plauto

163 1790 291 1856 omnino
322 1809 385 1855 non
415 1788 540 1855 licitum
569 1788 635 1855 fuit
663 1808 703 1855 ea
731 1787 916 1872 discerpere
944 1791 998 1857 vel
1026 1789 1177 1857 omittere
1206 1789 1342 1856 adiecti·

163 1917 236 1965 vam
261 1915 383 1965 vocem.
429 1895 537 1981 Igitur
556 1897 649 1961 ambo
669 1897 774 1964 verba
798 1896 972 1963 coniuncta
990 1898 1078 1963 haud
1100 1896 1166 1962 seio
1186 1916 1229 1962 an
1251 1904 1341 1962 recte

162 2005 416 2087 interpretemur
453 2003 609 2069 stabilem
647 2005 809 2085 quandam
842 2004 1040 2070 locutionem
1072 2023 1132 2069 usu
1162 2009 1340 2086 receptam.

163 2112 209 2177 ut
230 2131 294 2177 non
318 2112 493 2178 absurdum
525 2128 597 2176 esse
626 2112 711 2190 quod
739 2110 881 2176 diximus
904 2110 1070 2176 Ciceronis
1098 2112 1203 2178 verba
1225 2111 1339 2177 contir-

164 2237 252 2285 mare
276 2217 431 2285 videntur
458 2216 513 2302 (de
537 2218 630 2282 domo
655 2236 724 2299 cap.
748 2219 790 2283 49
814 2217 944 2301 §128):
975 2217 1048 2283 ‘Sed
1072 2217 1150 2297 quia
1173 2235 1340 2283 consecra·

165 2326 286 2392 bantur
309 2327 417 2408 aedes,
439 2343 504 2389 non
527 2324 731 2405 privatorum
756 2325 814 2389 sed
838 2343 921 2404 quae
944 2343 1057 2390 sacrae
1080 2323 1306 2392 nominantur’.

254 2522 291 2586 B.
324 2520 379 2585 De
407 2519 634 2601 spondiacis
664 2518 702 2583 in
732 2498 1070 2601 antepaenultimo
1101 2521 1198 2602 pede
1228 2539 1340 2587 voca-

324 2625 443 2707 bulis,
485 2644 644 2706 quorum
686 2644 844 2709 gravem
881 2631 1081 2692 accentum
1119 2638 1260 2708 poetae
1298 2646 1341 2692 ex

657 2731 763 2799 thesi
785 2733 1008 2802 amoverint.

252 2860 368 2924 Adhuc
398 2860 438 2924 de
468 2857 510 2922 iis
540 2859 753 2940 spondeorum
786 2857 944 2939 exemplis
975 2858 1229 2941 disputavimus,
1259 2877 1342 2939 quae

165 2986 205 3032 ex
237 2965 421 3032 ultimorum
454 2966 588 3030 duorum
622 2965 737 3045 pedum
776 2964 940 3031 artissima
977 2963 1186 3045 copulatione
1222 2964 1340 3031 iustam

164 3076 358 3155 plenamque
380 3071 505 3136 liabent
527 3069 775 3137 excusationem.
811 3070 906 3137 Nunc
929 3071 1059 3151 reliqua
1078 3071 1254 3139 videamus.
1292 3073 1341 3137 Ac

164 3180 300 3262 primum
332 3177 459 3259 quidem
493 3195 576 3258 quae
610 3179 708 3258 paulo
741 3184 818 3243 ante
847 3177 1022 3243 statuimus
1050 3179 1091 3243 de
1119 3177 1341 3259 pronominum

164 3286 319 3351 enclitica
347 3289 479 3365 natura,
506 3282 541 3348 in
568 3284 630 3348 hac
659 3303 784 3366 quoque
812 3284 1005 3366 quaestione
1028 3285 1141 3350 valere
1164 3303 1342 3369 agnoscen-

165 3396 239 3459 dum
264 3391 336 3457 erit.
383 3389 602 3458 Observamus
633 3390 719 3457 eninr
749 3397 865 3473 poetas
893 3391 927 3457 in
951 3393 1010 3458 illo
1038 3394 1121 3473 pede
1144 3411 1208 3457 non
1235 3394 1343 3458 detre-

165 3505 273 3565 ctasse
287 3496 481 3579 spondiacas
496 3515 602 3581 voces
618 3498 735 3578 quibus
750 3497 940 3580 pronomine
953 3499 1113 3579 quaedam
1127 3500 1342 3581 adhaereant;

164 3606 344 3688 putandum
377 3603 479 3688 igitur
509 3606 576 3670 erit
606 3604 816 3672 offensionem
846 3606 981 3671 enclisis
1014 3606 1050 3670 vi
1082 3606 1131 3670 ita
1164 3606 1274 3688 leniri,
1306 3613 1343 3673 ut

165 3731 260 3778 aures
298 3731 363 3778 non
399 3711 462 3776 iam
499 3712 675 3778 laedantur
707 3714 920 3793 spondeorum
952 3712 1143 3794 asperitate.
1199 3711 1342 3795 Quorum

165 3837 317 3887 versuum
354 3819 442 3883 haud
478 3817 626 3902 exiguam
664 3824 789 3899 partem
826 3818 973 3902 legitime
1006 3819 1239 3885 conformatam
1271 3839 1343 3886 esse

165 3924 231 3991 viri
251 3924 341 3991 docti
365 3925 431 3990 iam
455 3926 574 3990 dudum
596 3928 861 4007 exploraverunt.
898 3925 1119 3992 Nihilominus
1141 3945 1196 3993 eos
1215 3946 1343 4009 quoque

166 4030 354 4097 coniunctos
382 4031 418 4096 in
446 4049 543 4096 unum
572 4036 703 4113 oportet
726 4034 912 4098 tractemus.
959 4032 1077 4113 ltaque
1105 4035 1266 4117 agendum
1291 4038 1343 4100 est
