3014 4642
707 243 931 309 ..12-

232 444 305 508 129.
328 441 499 508 Novius80
515 440 602 524 Quid
613 461 673 524 ego
683 438 926 525 facoremi<ut>
942 439 1039 506 otiosi
1052 439 1207 504 rodebam
1218 437 1405 504 rutabulum

231 549 303 615 130.
327 547 451 616 Novius
479 547 521 614 95
554 547 633 614 Plus
660 546 782 631 sapivi,
814 547 895 629 quin
926 545 1083 613 fullonem
1111 544 1286 627 compressi
1314 544 1406 626 quiu-

336 655 526 737 quatrubus.

337 851 370 916 G.
394 850 582 932 Sequuntur
604 848 852 933 spondiacorum
877 850 1051 916 verborum
1076 850 1235 931 exempla,
1263 848 1404 930 quaein

388 956 535 1024 iambicis
559 957 753 1039 septenariis
777 956 1020 1039 octonariisque
1043 955 1153 1038 posita
1174 961 1260 1022 sunt.

441 1083 466 1148 Ι.
494 1101 534 1148 ex
557 1083 698 1149 secundo
721 1086 981 1165 asynartetorum
1006 1099 1156 1149 versuum
1181 1081 1266 1163 pede

494 1210 523 1256 a.
544 1189 634 1271 apud
656 1188 824 1255 Plautum:

230 1300 302 1364 131.
325 1297 444 1364 Bacch.
468 1299 533 1364 968
556 1297 640 1362 Eum
664 1315 725 1380 ego
749 1294 831 1362 roco
854 1314 917 1362 uno
941 1295 1108 1363 mendacio

229 1407 301 1471 132.
327 1404 415 1471 Asin.
439 1406 504 1471 555
527 1403 570 1470 Vi
594 1404 770 1488 pugnando
793 1403 951 1486 periuriis

228 1513 301 1578 133.
324 1510 401 1576 ibid.
426 1513 488 1577 561
515 1510 580 1577 Ubi
603 1509 755 1576 fidentem
778 1508 987 1578 fraudaveris

229 1619 301 1685 134.
325 1617 519 1684 1110101143
543 1616 766 1698 Haecquidem
790 1623 920 1684 ecastor
943 1617 1080 1684 cottidie

229 1725 419 1807 13511011.
443 1727 507 1792 339
531 1724 642 1806 Atque
666 1723 835 1807 aliquanto
858 1725 1024 1793 lubentius

493 1833 522 1898 b.
546 1834 633 1915 apud
661 1832 853 1900 Terentium
881 1839 915 1900 et
942 1834 1089 1916 reliquos
1116 1839 1230 1916 poetas
1258 1852 1322 1900 non
1349 1853 1400 1899 re·

545 1939 718 2022 periuntur
741 1943 899 2022 exempla.

421 2047 465 2113 ΙΙ.
492 2064 533 2112 ex
556 2051 651 2113 sexto
674 2046 911 2113 octonariorum
935 2046 1018 2129 pede

492 2174 520 2222 a.
544 2155 631 2236 apud
653 2155 822 2221 Plautum:

227 2263 300 2327 136.
324 2261 415 2344 Oapt.
439 2263 504 2326 914
535 2311 764 2329 ...........
789 2281 858 2328 cum
882 2281 980 2328 carne
1004 2259 1188 2328 carnarium

228 2368 299 2435 137.
323 2368 413 2434 Asin.
438 2371 502 2435 834
536 2418 788 2437 ............
817 2367 979 2453 agitemus
1002 2367 1185 2436 convivium

492 2477 522 2541 b.
546 2476 633 2557 apud
657 2472 859 2543 Terentium:

227 2584 299 2650 138.
322 2583 424 2649 Andr.
443 2585 508 2648 490
529 2633 539 2647 .
554 2633 760 2649 ..........
783 2581 871 2648 10010
896 2587 983 2649 esset
1005 2601 1187 2665 puerperae

226 2691 299 2757 139.
322 2690 437 2756 Ηο011.
461 2691 525 2755 226
698 2690 849 2773 ignaram
872 2688 956 2755 artis
979 2689 1187 2757 meretriciae

226 2799 299 2864 140.
322 2798 401 2863 Hec.
425 2799 489 2863 307
514 2847 744 2863 ...........
768 2796 932 2863 interdum
954 2796 1021 2864 iras
1044 2796 1186 2864 iniuriae

227 2905 298 2969 141.
321 2902 399 2970 ibid.
423 2905 487 2969 320
518 2955 771 2971 ............
795 2904 938 2971 Uxorem
961 2903 1185 2971 Philumenam

491 3030 518 3077 c.
543 3012 632 3093 apud
653 3011 799 3092 reliquos
821 3017 949 3093 poetas:
1038 3065 1039 3069 ,

225 3119 298 3183 142.
321 3116 463 3183 Titinius
490 3119 552 3182 120
580 3117 726 3183 Vidistin
753 3118 919 3185 Tiberim?
947 3156 990 3164 —
1018 3117 1110 3185 Vidi:
1137 3118 1194 3201 qui
1220 3118 1316 3184 illam
1344 3120 1399 3184 de-

329 3224 427 3308 rivet,
450 3223 600 3291 beaverit

330 3420 370 3486 1).
384 3419 516 3502 Reliqui
530 3426 607 3486 suut
620 3440 744 3506 vorsus,
759 3421 813 3503 qui
828 3419 1025 3503 spondiacus
1039 3418 1161 3487 formas
1176 3422 1397 3503 pronominum

383 3525 452 3596 ‘ille
475 3526 548 3593 iste’
571 3527 606 3593 iu
629 3527 728 3594 tertio
752 3547 772 3594 a
795 3528 860 3594 fine
883 3529 966 3609 pede
989 3526 1038 3594 ita
1061 3527 1252 3612 exhibeant,
1274 3536 1312 3595 01
1334 3530 1397 3594 duro

381 3635 481 3716 pedes
518 3634 656 3700 extremi
692 3653 757 3701 una
796 3634 1115 3716 comprehendantur
1150 3654 1238 3703 voce.
1288 3634 1397 3703 -Cuius

381 3741 515 3825 generis
538 3742 640 3809 habes
663 3742 745 3808 haec
769 3742 931 3823 exempla:

489 3885 517 3931 a.
540 3867 627 3947 apud
649 3866 817 3932 Plautum:

224 3975 295 4040 143.
319 3973 437 4039 Bacch.
458 3973 519 4038 391
546 4024 641 4038 .....
666 3990 759 4038 omne
782 3972 852 4039 illis
870 3973 1102 4055 praesentibus
1122 3980 1194 4050 (hiat
1211 3980 1240 4035 in
1260 3984 1383 4052 caesura)

224 4082 297 4150 144.
319 4080 397 4150 ibid.
419 4082 483 4150 599
508 4130 802 4149 ..............
827 4079 933 4146 dicam
956 4080 1012 4146 1111
1035 4081 1182 4163 periculo
