3014 4642
604 242 826 311 -97...

129 462 199 509 rum
221 444 351 524 ‘operae
374 441 525 524 pretium'
553 441 679 526 legitur
701 441 800 508 Poen
822 441 921 507 1174:
950 439 1039 507 ‘Fuit
1066 439 1164 506 hodie
1188 458 1309 523 operae

130 549 271 632 pretinm
294 547 439 631 quoivis'.
463 585 507 595 -

132 660 160 722 5.
179 658 356 724 Veniamus
379 657 423 722 ad
442 674 481 722 ea
500 655 657 739 exempla,
681 673 765 737 qnae
784 654 956 722 encliticas
979 655 1112 723 voculas
1132 646 1308 720 ostendant

132 761 351 846 anapaesticis
374 761 486 830 verbis
510 761 653 828 suffixae.

229 870 320 936 Trin.
340 871 404 935 139
428 917 702 936 .............
725 869 838 936 melius
861 889 928 936 rem
952 869 1096 954 gesserit

135 977 215 1063 (nisi
237 979 316 1043 ‘rem
338 976 490 1062 gesserit’
512 994 612 1042 unum
634 977 831 1044 vocabulum
852 976 1047 1062 intellegis.)

230 1085 311 1150 Hec.
334 1085 399 1150 826
448 1081 512 1148 Dic
535 1082 587 1149 mi.
609 1082 668 1149 ille
692 1082 775 1150 alias
797 1102 851 1149 res
871 1102 970 1168 agere
993 1101 1028 1150 se

231 1191 322 1258 Asin.
346 1192 412 1257 440
450 1188 554 1274 Quam
578 1209 652 1256 mox
675 1189 719 1255 mi
742 1209 874 1272 operam
897 1190 977 1258 das?
1004 1187 1017 1278 il
1042 1190 1156 1274 Ehem,
1179 1195 1310 1272 optume

194 1301 196 1305 ’
233 1299 316 1365 Eun.
341 1301 406 1366 880
430 1348 661 1366 ...........
684 1296 923 1381 ingeniosum,
948 1297 1096 1365 Chaerea

230 1406 310 1471 Hec.
335 1407 377 1471 63
402 1457 497 1471 .....
504 1442 520 1471 -.
535 1455 542 1469 .
557 1454 585 1471 ..
611 1405 700 1488 Ergo
725 1410 900 1487 propterea
922 1411 956 1470 te
980 1405 1096 1470 sedulo

231 1513 314 1579 Eun.
339 1512 403 1578 570
432 1561 618 1578 .........
647 1511 836 1577 submonuit
858 1530 909 1576 me
937 1512 1096 1577 Parmeno
1136 1549 1137 1552 =

230 1620 321 1684 Pers.
345 1620 409 1684 282
447 1617 591 1684 Caedere
614 1616 711 1683 hodie
734 1623 772 1683 tu
794 1617 939 1684 restibus

232 1726 331 1791 Poen.
358 1727 443 1791 1335
470 1727 555 1791 1384
658 1725 826 1810 hominem,
850 1745 943 1807 quern
966 1725 1096 1795 noveris

230 1833 330 1899 Merc.
352 1834 418 1899 453
542 1834 639 1899 credo
667 1832 813 1913 aliquem
842 1832 986 1913 quinon
1011 1833 1097 1898 velit

231 1941 335 2007 Garun.
349 1940 424 2007 Lat.
437 1941 498 2021 Ep.
509 1942 562 2023 64,
575 1940 636 2005 4Β
656 1991 686 2006 ..
702 1991 708 2006 .
729 1939 886 2007 eveniant
900 1938 962 2006 tibi
982 1945 1016 2006 et
1029 1941 1096 2005 tuis

134 2048 207 2112 Huc
230 2046 371 2114 fortasse
394 2046 575 2128 pertinent:

232 2154 348 2220 Hautt.
371 2156 436 2220 982
461 2205 581 2220 ......
604 2154 743 2222 consilio
767 2155 936 2236 quicquam
960 2155 1097 2224 adiuvas

231 2260 358 2327 Ennius
380 2281 410 2342 p.
436 2263 508 2344 165,
532 2262 594 2327 261
620 2259 730 2328 Vahl.:

285 2367 385 2434 Multi
395 2367 451 2449 qui
460 2368 546 2434 domi
555 2374 700 2435 aetatem
709 2375 847 2453 agerent
855 2375 1032 2452 propterea
1041 2374 1118 2436 sunt
1126 2369 1310 2452 improbati.

136 2478 164 2540 6,
189 2476 236 2541 Ut
260 2474 437 2558 spondiaco
464 2476 629 2543 vocabula
657 2474 837 2559 composita
864 2481 982 2558 poetae
1010 2475 1045 2542 in
1073 2477 1172 2544 tertio
1200 2496 1220 2543 a
1246 2477 1309 2544 fine

135 2585 218 2665 pede
236 2602 301 2649 non
320 2580 526 2667 defugerunt‚
548 2587 597 2648 ita
615 2585 776 2650 tolerasse
796 2601 852 2650 eos
872 2582 1027 2650 credibile
1046 2589 1097 2650 est
1115 2589 1310 2665 anapaestos

135 2689 290 2755 similiter
315 2687 533 2755 conformatos
560 2688 615 2774 (cf.
638 2709 691 2773 pp.
715 2692 767 2755 24.
792 2691 858 2776 25).
904 2689 1009 2772 Quam
1037 2689 1198 2757 rationem
1226 2709 1310 2757 eom-

136 2798 277 2878 probant
300 2796 382 2862 haec
406 2796 565 2879 exempla:

233 2902 331 2985 Epid.
350 2904 416 2969 600
437 2952 578 2969 .......
601 2903 809 2985 nescioquam
832 2902 994 2971 fabricam
1015 2902 1098 2970 facit

233 3011 334 3078 Merc.
352 3012 415 3077 641
441 3060 582 3077 .......
605 3009 813 3092 nescioquem
836 3029 995 3078 memoras
1018 3010 1097 3077 mali

233 3117 352 3183 Pseud.
376 3118 440 3183 693
465 3167 606 3184 .......
629 3118 839 3200 nescioquem
866 3136 974 3184 secum
998 3117 1096 3185 simul

234 3224 314 3291 Hec.
334 3226 399 3291 319
418 3275 556 3293 .......
580 3224 778 3307 nescioquod
802 3243 955 3310 magnum
977 3225 1097 3292 malum

234 3332 325 3398 Pers.
345 3333 409 3398 706
429 3381 548 3398 ......
571 3331 770 3399 multimodis
794 3331 986 3414 scriptumst
1008 3338 1097 3400 tuom

137 3438 285 3504 Similem
310 3438 482 3521 anapaesti
505 3439 726 3507 condicionem
749 3439 898 3508 videmus
920 3440 955 3506 in

233 3546 332 3611 Mero.
356 3547 421 3611 539
445 3545 559 3627 Neque
583 3552 635 3613 est
656 3565 761 3628 neque
785 3545 857 3613 erit.
883 3543 895 3634 Η
920 3546 1028 3612 Nolim
1054 3547 1186 3628 quidem

234 3652 330 3718 Most.
355 3654 418 3719 170
442 3653 497 3720 Ita
519 3673 570 3719 me
593 3653 628 3720 di
651 3659 770 3738 ament,
792 3653 934 3737 lepidast
955 3654 1084 3736 Scapha

235 3756 313 3825 ibid.
339 3760 402 3825 182
442 3759 497 3826 Ita
520 3766 557 3827 tu
579 3779 630 3826 me
653 3781 750 3845 amas,
771 3761 822 3828 ita
844 3760 1055 3828 Philolaches

138 3866 267 3932 Deinde
285 3884 350 3932 non
369 3866 559 3934 vexabimus
579 3869 794 3950 anapaestico
811 3870 923 3954 verba,
942 3887 1025 3949 quae
1042 3869 1077 3935 in
1096 3871 1208 3935 eodem
1227 3873 1311 3951 pede

137 3971 377 4039 trochaicorum
409 3974 666 4057 septenariorum
699 3982 874 4042 occurrunt
905 3994 985 4057 quos
1018 3995 1170 4043 vocamus
1200 3985 1311 4045 acata-

138 4080 285 4147 lecticas:

1150 4192 1166 4245 7
