3014 4642
642 232 866 296 ..47-

252 427 404 510 Denique
435 428 497 494 duo
527 432 658 494 restant
685 446 813 512 versus,
844 427 899 509 661
929 446 1001 495 6616
1031 427 1101 494 illis
1132 448 1214 510 quos
1243 446 1341 511 supra

162 535 381 603 tractavimus
405 535 550 616 aliquam
574 534 718 602 fortasse
740 534 989 602 similitudinem
1008 535 1172 619 exhibent,
1195 534 1341 602 aminon

162 641 410 726 pronominibus
438 647 640 725 occupantur
667 641 775 708 ultimi
802 644 910 724 pedes.
956 641 1099 726 Quomm
1127 641 1265 725 priorem
1294 643 1341 708 sic

161 752 301 817 tradunt
323 750 415 817 libri:

261 859 347 924 Men.
372 859 435 924 681
461 857 539 923 'libi
563 857 641 924 dedi
664 857 814 940 equidem
836 856 940 941 illam,
963 858 1007 924 ad
1029 858 1127 942 phry-

378 964 510 1048 gionem
532 965 705 1049 61161166,
728 968 828 1047 paulo
851 964 976 1051 <pr>ius

161 1071 285 1138 Hiatus
308 1071 387 1138 mihi
411 1072 543 1139 videtur
565 1091 630 1138 non
654 1091 726 1139 esse
750 1072 950 1155 tolerandus,
973 1091 1164 1153 quamquam
1186 1071 1340 1139 Klotnius

162 1179 198 1245 in
228 1177 440 1246 iambicorum
468 1179 725 1261 septenariorum
754 1179 895 1245 diaeresi
924 1199 996 1245 eum
1026 1198 1091 1246 non
1121 1180 1340 1264 impugnavit.

161 1287 196 1370 (l.
224 1305 249 1353 s.
277 1306 306 1369 p.
337 1289 400 1352 146
431 1287 499 1370 su).
550 1286 655 1369 Qunam
684 1286 756 1354 sine
785 1288 858 1352 ulla
886 1287 1058 1353 verborum
1088 1288 1339 1354 commutatione

161 1393 293 1460 arcebis
315 1395 358 1460 ab
382 1393 444 1460 illo
466 1394 539 1460 loco
561 1393 611 1460 ita
632 1393 860 1476 pronuntians:

260 1499 426 1568 ’1161116111
438 1500 586 1583 6661116111
598 1500 967 1586 illamadphrygiouem
977 1508 1014 1567 ut
1023 1500 1129 1567 ferres
1138 1504 1238 1584 paulo
1248 1501 1339 1584 prius

161 1607 219 1692 (ad
243 1608 329 1674 hunc
350 1607 476 1675 hiatum
501 1607 653 1675 conferas
675 1607 776 1675 velim
801 1627 885 1689 quae
909 1607 1059 1674 Klotzius
1083 1607 1210 1690 profert
1233 1627 1339 1674 exeru-

161 1714 442 1800 6161661115).
465 1715 574 1780 Aliter
587 1714 769 1799 Seyffertus
788 1715 929 1782 numeris
949 1715 1071 1781 mederi
1090 1715 1218 1781 studuit
1231 1721 1339 1781 trans-

161 1824 311 1903 ponendo
335 1821 419 1888 ‘Tibi
448 1822 596 1904 equidem
620 1822 696 1888 dedi
722 1822 815 1888 illam
841 1821 892 1870 -'
915 1821 1018 1908 (Berl.
1041 1821 1157 1904 philol.
1178 1821 1339 1888 Wochen·

161 1927 281 1995 schrift
305 1931 444 2012 18906.
469 1929 555 2016 214).
598 1929 667 1995 Iam
692 1929 853 1996 cernimus
877 1928 930 1995 hic
953 1931 1049 1996 nulla
1071 1929 1223 1995 machina
1244 1947 1339 2010 spou-

162 2035 290 2102 diacam
314 2055 426 2104 vocem
454 2055 496 2102 cx
519 2036 619 2103 161116
648 2037 755 2103 atine
777 2039 861 2119 pede
888 2056 991 2120 posse·
1012 2036 1088 2120 cici,
1115 2042 1150 2103 61
1172 2037 1207 2103 11
1230 2039 1337 2102 611616

162 2161 277 2210 versus
301 2142 435 2209 dimidio
458 2144 630 2228 genuinam
649 2145 821 2211 verborum
844 2144 985 2227 speciem
1003 2145 1134 2211 codices
1157 2144 1252 2211 nobis
1271 2162 1339 2210 scr·

162 2269 260 2318 vasse
283 2268 327 2316 cx
342 2250 623 2317 Menaechmorum
647 2271 678 2318 v.
693 2253 757 2318 426
781 2259 928 2334 6666161,
951 2251 1007 2318 661
1030 2253 1142 2317 eadem
1163 2250 1338 2318 vocabulo-

162 2376 233 2423 rum
257 2357 444 2425 consecutio
468 2357 623 2424 traditur:
651 2359 702 2424 ‘ad
730 2359 944 2442 phrygionem
968 2364 1006 2425 61
1028 2358 1174 2425 deferas'.
1219 2358 1338 2440 Itaque

162 2466 254 2531 ultro
273 2463 464 2531 adducimur
481 2471 519 2530 ut
537 2465 673 2548 spondei
690 2466 903 2549 asperitatem
919 2472 994 2533 6116
1007 2466 1217 2549 copulatione
1230 2466 1336 2548 ‘paulo

161 2571 264 2654 prius’
282 2573 517 2654 quodammodo
536 2572 656 2639 molliri
670 2592 871 2656 censeamus;
889 2575 972 2640 haec
985 2575 1072 2640 enim
1085 2575 1188 2642 verba
1201 2580 1338 2657 propter

162 2684 320 2745 accentus
343 2679 492 2746 enclisim
515 2699 580 2746 non
603 2679 708 2746 miuus
731 2685 804 2747 arte
824 2681 1094 2766 constringuntur
1113 2699 1208 2761 quam
1231 2680 1336 2762 ‘paulo

162 2792 248 2870 post
265 2788 368 2852 multo
386 2791 469 2870 post
487 2788 590 2852 multo
609 2787 734 2871 minus,’
753 2806 836 2868 6666
849 2792 1012 2870 1616666111
1027 2807 1125 2854 unum
1141 2789 1337 2856 vocabulum

162 2893 316 2960 habenda
339 2912 410 2960 esse
427 2894 551 2960 Marius
570 2893 760 2961 Victorinus
783 2899 928 2961 testatur
946 2895 996 2960 his
1020 2895 1132 2961 verbis
1155 2893 1209 2980 (G.
1228 2894 1264 2962 L.
1279 2894 1336 2963 VI.

163 3020 193 3083 6.
214 3001 267 3083 23,
287 2999 356 3086 10);
383 3000 468 3081 „Sed
486 3020 528 3067 ne
548 3001 746 3084 ecquidem,
769 3021 853 3083 6666
873 3021 943 3068 cum
962 3001 1205 3085 praepositione
1224 3001 1335 3068 dicun-

164 3112 228 3190 tur,
247 3107 524 3191 circumpungetis
538 3114 577 3174 ut
594 3109 809 3175 ‘circumduci’
828 3115 863 3175 et
876 3107 1123 3177 ‘circumveniri'
1142 3119 1176 3176 et
1194 3109 1337 3177 ‘circum-

164 3214 275 3297 plecti'
307 3220 342 3279 61
369 3215 539 3282 ‘nonnulli’
567 3221 601 3281 61
633 3217 837 3299 paulopost,
873 3237 934 3284 nec
965 3218 1047 3284 haec
1079 3223 1116 3283 ut
1143 3217 1337 3302 ‘ingalliam

163 3320 351 3404 initaliam',
377 3339 439 3387 166
466 3321 527 3388 hoc
549 3341 610 3388 nec
633 3321 718 3388 illud
741 3342 825 3405 quae
847 3323 978 3390 infinite
1001 3324 1182 3391 dicuntur.“
1224 3326 1273 3390 Ac
1295 3345 1337 3391 ne

163 3426 248 3493 illud
268 3427 394 3509 quidem
415 3430 653 3513 neglegendum
674 3435 735 3514 est,
753 3431 839 3512 quod
858 3432 972 3497 eadem
989 3431 1092 3497 verba
1110 3433 1218 3513 ‘paulo
1237 3431 1337 3514 prius'

164 3536 278 3601 codem
296 3553 410 3603 uersus
433 3537 506 3603 loco
524 3535 704 3603 offeruntur
722 3536 800 3604 cist.
824 3539 897 3604 546.
921 3545 956 3604 61
973 3539 1091 3606 Pseud.
1111 3540 1185 3605 896.
1220 3539 1338 3621 Impri-

164 3643 224 3709 mis
239 3647 349 3709 autem
362 3642 449 3709 inter
462 3643 743 3727 anapaesticarnm
757 3664 872 3713 vocum
887 3649 1039 3729 exempla
1051 3665 1148 3713 unum
1161 3646 1338 3730 invenitur,

165 3770 226 3831 666
239 3749 363 3817 collato
374 3770 489 3819 versus
499 3770 592 3833 quem
602 3757 782 3820 tractamus
791 3756 833 3820 ab
844 3753 928 3821 omni
938 3754 1135 3821 defendatru·
1143 3753 1337 3821 mutatione:

262 3859 348 3924 Men.
372 3858 436 3924 878
466 3858 531 3925 Vel
553 3858 607 3926 hic
629 3860 685 3941 661
710 3860 835 3928 insanit
862 3881 958 3943 quam
986 3862 1091 3930 valuit
1117 3864 1219 3948 66616
1246 3862 1336 3943 61166

253 3965 378 4032 Eadem
411 3966 600 4033 condicione
632 3968 841 4048 spondiacum
873 3969 1068 4036 vocabulum
1099 3968 1238 4035 Plautus
1274 3968 1337 4033 sibi

165 4073 364 4141 concessisse
387 4073 519 4144 uidetur
540 4074 574 4139 in
597 4075 659 4140 hoc
681 4078 788 4142 altero
811 4095 921 4144 versu:
