3014 4642
639 218 859 308 ..5⁴7-

161 437 323 520 ponendis
346 438 457 505 verbis
480 439 568 506 haud
591 437 822 506 dubitabimus
859 439 968 520 Atque
991 439 1210 507 Camerarium
1233 443 1340 509 secuti

161 545 259 628 pleno
276 565 520 628 supervacanea
537 565 608 614 esse
623 546 864 629 arbitrabimur,
883 565 967 627 quae
981 546 1044 615 viri
1060 547 1151 614 docti
1164 551 1207 615 ad
1220 551 1342 616 tollen-

162 652 236 718 dam
269 651 405 735 spondei
438 651 648 719 offensionem
674 658 931 736 ¹proposuerunt,
963 657 1000 719 ut
1032 653 1239 721 Fleckeisen:
1277 657 1341 738 ‘qui

162 758 251 826 intro
275 758 413 826 advenit
440 760 554 843 modo’‚
581 759 619 827 F.
643 759 787 826 Schoell:
815 759 913 825 ‘intro
937 760 992 841 qui
1014 761 1108 828 venit
1130 761 1233 828 modo’
1257 762 1341 848 (bie’

162 865 265 948 delet;
297 864 336 932 el.
368 885 451 948 quae
478 868 617 934 adnotat
647 887 677 949 p.
703 869 793 949 120),
822 867 1007 951 Niemeyer:
1038 868 1132 953 istic,
1165 870 1221 950 qui
1249 870 1342 938 venit

161 975 257 1040 modo
279 973 388 1040 intro’.
411 1011 456 1021 -

251 1080 356 1148 Simili
387 1081 515 1148 ratione
547 1086 584 1148 ut
615 1081 822 1163 expediamus
860 1080 1076 1148 difficultates
1112 1085 1269 1150 suadeam
1305 1083 1339 1149 in

161 1207 271 1272 versu,
294 1187 349 1269 qui
371 1186 421 1254 ita
443 1188 580 1272 legitur:

261 1295 333 1362 Mil.
358 1297 443 1362 1095
466 1295 518 1362 De
542 1294 744 1362 concubine?
767 1313 843 1361 nam
866 1295 957 1362 nullo
980 1301 1078 1377 pacto
1101 1301 1212 1377 potest

161 1403 346 1484 Spondeum
378 1407 415 1468 ut
446 1401 651 1484 depellerent
683 1420 724 1467 ex
752 1407 868 1483 quarto
895 1403 979 1483 pede
1006 1400 1207 1467 Ritschelius
1238 1402 1340 1470 scribi

161 1507 282 1577 voluit:
305 1511 389 1576 ‘nam
410 1511 505 1576 nullo
528 1529 566 1574 eo
587 1513 684 1591 pacto
703 1509 822 1590 potest’
847 1512 881 1574 et
904 1508 1116 1574 Fleckeisen:
1139 1513 1222 1575 ‘nam
1244 1511 1339 1576 nullo

161 1617 238 1682 boec
260 1621 358 1699 pacto
381 1615 507 1698 potest’.
553 1615 651 1682 Tales
675 1618 811 1684 voculas
835 1634 1028 1696 quamquam
1055 1613 1158 1681 facile
1186 1615 1292 1682 omitti
1319 1636 1340 1682 a

162 1721 302 1791 librario
329 1741 408 1789 sane
436 1723 637 1806 confitemur,
664 1727 775 1789 tamen
798 1722 832 1789 in
855 1726 982 1789 textum
1005 1722 1200 1805 recipiamus
1224 1742 1340 1791 caven·

161 1830 238 1895 dum
261 1834 314 1896 est
333 1830 363 1895 si
380 1835 555 1912 sequentes
576 1849 692 1898 versus
715 1832 893 1897 turbantur
914 1829 1071 1897 eiusmodi
1094 1830 1338 1898 additamentis.

161 1937 280 2018 Itaque
303 1956 375 2004 cum
398 1936 471 2004 illis
499 1956 564 2003 non
591 1936 763 2020 faciamus,
791 1937 848 2018 qui
876 1938 911 2003 in
934 1957 965 2006 v.
991 1939 1076 2003 1096
1100 1938 1200 2004 ‘haec’
1224 1938 1337 2003 delent

160 2043 264 2129 (quod
290 2044 379 2111 solus
407 2043 530 2111 omittit
552 2044 595 2130 B)
624 2044 762 2126 eiusque
784 2045 942 2113 vocabuli
970 2043 1005 2110 in
1032 2046 1140 2111 locum
1170 2043 1237 2110 alia
1264 2045 1339 2111 sub-

161 2151 300 2218 stituere
337 2151 440 2219 verba
476 2156 644 2236 cogrmtur.
705 2152 755 2219 Ac
790 2171 832 2218 ne
868 2151 991 2232 reliqui
1027 2152 1156 2232 quidem
1196 2151 1339 2217 editores

161 2263 373 2326 accesserunt
395 2261 438 2326 ad
456 2261 592 2326 illorum
615 2259 821 2326 sententiam.
859 2257 951 2341 Quae
974 2276 1045 2323 cum
1068 2258 1118 2325 ita
1140 2258 1217 2340 sint,
1240 2258 1338 2324 Plau-

161 2373 231 2434 tum
254 2365 309 2432 hic
332 2384 397 2433 non
421 2366 564 2434 evitasse
587 2367 793 2448 spondiacam
818 2385 931 2433 vocem
955 2366 1149 2432 credendum
1173 2372 1232 2446 est,
1261 2366 1340 2447 quia

160 2474 257 2540 ambo
280 2474 384 2541 verba
407 2475 507 2541 ‘nullo
531 2475 637 2557 pacto'
659 2475 708 2540 ita
730 2473 818 2540 inter
841 2492 877 2539 se
900 2473 1087 2556 cohaerent,
1115 2480 1153 2539 ut
1175 2478 1339 2554 tamquam

160 2599 260 2647 unum
287 2579 434 2646 efficiant
460 2581 663 2648 vocabulum.
714 2579 806 2663 Quae
835 2579 922 2646 ratio
949 2579 991 2645 iis
1021 2579 1170 2647 versibus
1194 2598 1339 2660 compro-

161 2687 262 2753 batur
279 2686 334 2768 qui
352 2690 527 2754 eorundem
542 2689 714 2756 verborum
728 2693 836 2753 artum
855 2705 1010 2754 conexum
1030 2687 1215 2768 ostendunt
1233 2686 1340 2754 veluti

259 2793 380 2860 Beccla
405 2796 468 2861 179
493 2792 557 2876 Qui
581 2793 671 2861 abire
694 2794 771 2860 hinc
794 2793 885 2860 nullo
909 2799 1006 2875 pacto
1029 2791 1149 2875 possim
1166 2843 1284 2858 ......

259 2900 338 2967 ibid.
361 2903 426 2968 479
492 2901 591 2968 Νο110
613 2906 711 2983 pacto
734 2919 788 2966 res
812 2902 966 2966 mandata
989 2903 1101 2980 potest
1124 2898 1179 2982 agi
1194 2949 1289 2965 .....

136 3021 140 3028 ’
260 3007 355 3074 Most.
380 3010 467 3073 1054
493 3008 574 3074 Nam
613 3008 679 3074 scio
717 3007 867 3088 equidem
903 3007 995 3072 nullo
1032 3010 1129 3087 pacto
1165 3004 1229 3071 iam
1267 3024 1338 3071 0000

1063 3132 1159 3196 posse
1173 3164 1292 3179 ......
1310 3163 1339 3179 ..

260 3223 377 3290 Pseud.
401 3225 444 3289 94
492 3220 645 3288 Profecto
667 3220 756 3287 nullo
779 3225 877 3302 pacto
900 3237 1030 3301 possum
1052 3219 1169 3287 vivere

161 3328 286 3395 Similis
310 3334 361 3396 est
383 3329 581 3411 spondiaeae
603 3327 695 3397 vocis
718 3327 865 3395 condicio
887 3326 923 3393 in
945 3327 1007 3393 hoc
1031 3345 1142 3395 versu:

260 3436 344 3503 Men.
359 3437 425 3502 484
447 3435 538 3502 Idem
561 3455 622 3519 ego
643 3434 799 3501 dicebam.
823 3433 902 3514 quid
925 3432 1034 3500 multis
1057 3432 1169 3501 verbis
1188 3432 1339 3519 <qoamt?>

162 3543 366 3610 Vocabulum
393 3563 455 3625 quo
483 3562 595 3612 versus
618 3542 731 3608 finitur
754 3540 960 3622 deperditum
983 3541 1130 3624 Pylades
1152 3540 1337 3623 supplevit3

160 3650 274 3731 itaque
296 3649 460 3733 Klotzius‚
490 3649 610 3731 quippe
637 3648 693 3729 qui
723 3647 901 3715 excusandi
928 3648 1066 3729 spondei
1088 3646 1250 3713 rationem
1272 3666 1338 3713 non

161 3755 285 3839 videat,
308 3758 487 3839 exemplum
511 3756 637 3823 omnino
661 3755 905 3836 suspiciendum
928 3774 1001 3821 0000
1023 3758 1128 3837 putat.
1168 3753 1234 3820 Sed
1257 3753 1337 3820 mihi

161 3863 276 3948 procul
307 3863 408 3930 dubio
440 3862 583 3945 videtur,
620 3861 700 3943 quin
730 3862 877 3945 Pylades
908 3865 999 3928 reete
1031 3859 1193 3926 adiecerit
1224 3860 1337 3942 ‘opust’

160 3972 255 4058 (item
278 3969 459 4054 Seyffertus
480 3968 641 4037 iudicavit
663 3968 754 4036 Berl.
772 3969 883 4051 philol.
904 3965 1045 4035 Wsehft.
1065 3967 1149 4033 1891
1176 3966 1234 4033 001.
1248 3966 1337 4052 927).

160 4079 309 4160 Namque
342 4076 565 4144 desideramus
597 4077 747 4159 verbum,
780 4094 843 4160 quo
875 4093 941 4142 non
972 4078 1099 4141 tantum
1130 4091 1246 4141 versus
1274 4075 1338 4140 'sed
