3014 4642
636 224 859 288 ,88-

162 441 284 489 sumus:
307 440 382 487 nam
405 418 476 486 illic
499 438 625 501 quoque
646 416 686 485 in'
703 417 816 500 paucis
839 416 919 485 locis
942 418 1078 484 eandem
1102 420 1209 502 legem
1226 417 1339 485 valere

161 527 303 596 vidimus
326 531 425 608 atque
449 525 577 593 omnino
596 526 632 591 in
655 524 843 607 spondiacis
857 523 993 593 vocibus
1012 524 1048 590 in
1072 524 1206 590 tertiam
1231 544 1252 590 a
1274 523 1340 590 fine

163 637 270 701 sedern
298 632 496 716 recipiendis
519 632 574 718 (cf.
594 633 686 715 Gapt.
706 632 770 698 314
795 633 811 698 ‘.
826 683 855 699 ..
879 631 949 697 illic
974 629 1161 712 curaverit’3
1190 630 1253 697 Ad.
1274 633 1339 697 508

162 744 179 809 ‘.
194 793 224 806 ..
245 740 346 808 illaec
367 739 524 823 licentia,
547 739 632 805 alios
655 738 709 824 u).

701 936 798 1016 Ipsa

255 1060 433 1127 Occasione
452 1061 532 1125 data
549 1077 654 1141 pauca
673 1057 821 1140 proferre
844 1057 955 1139 placet
977 1057 1076 1124 etiarn
1091 1060 1132 1124 de
1150 1058 1341 1140 pronomine

164 1168 260 1250 ipse,
280 1167 369 1233 cuius
388 1166 530 1249 priorem
550 1167 718 1248 syllabam
732 1184 803 1231 esse
821 1166 1005 1231 habendam
1022 1165 1110 1231 inter
1127 1165 1340 1232 irrationales
1377 1230 1379 1234 Α

163 1293 248 1356 quae
265 1278 427 1342 vocantur
441 1272 593 1339 Klotnins
613 1273 742 1353 quidem
761 1271 903 1338 affimat
922 1270 956 1357 (l.
972 1291 995 1337 s.
1010 1292 1040 1353 p.
1055 1270 1122 1357 46),
1141 1271 1340 1339 Skutschius

165 1386 273 1448 autem
296 1385 399 1462 negat
422 1379 454 1465 (l.
470 1399 494 1446 s.
517 1399 569 1461 pp.
586 1381 658 1445 148.
685 1376 770 1463 149).
816 1379 927 1459 Atque
949 1377 1034 1444 illud
1057 1377 1236 1445 Skutschio
1260 1397 1339 1444 sane

165 1489 406 1555 concedendum
431 1490 494 1569 est,
522 1486 639 1567 quibus
663 1485 862 1569 argumentis
885 1484 1035 1552 Klotzius
1057 1484 1185 1552 innisus
1209 1486 1340 1552 demon·

165 1601 271 1662 strare
294 1596 427 1661 studeat
449 1593 684 1675 correptionem
706 1592 793 1660 nihil
816 1591 886 1658 fere
909 1592 943 1658 in
966 1593 1029 1658 hac
1050 1610 1088 1658 re
1110 1590 1234 1674 profici.
1275 1592 1340 1658 Sed

166 1721 208 1767 ex
229 1702 292 1768 hoc
313 1703 455 1768 tortasse
478 1718 576 1768 versu
599 1699 727 1781 aliquid
748 1699 960 1765 lucrabimur:

265 1809 379 1874 Hautt.
399 1809 463 1874 576
491 1807 588 1888 Apud
618 1806 719 1872 aliurn
746 1805 899 1888 prohibet
926 1805 1086 1889 dignitas
1119 1805 1207 1887 apud
1238 1804 1340 1871 alium

1007 1912 1111 1994 ipsius
1132 1911 1215 1979 facti
1237 1913 1341 1994 pudet

166 2021 286 2106 ‘ipsiius’
309 2020 560 2104 pronuntiantes
588 2020 673 2087 idem
696 2019 869 2087 metricum
892 2020 1005 2088 versui
1029 2019 1198 2086 inferimus
1221 2018 1340 2088 vitium

167 2135 266 2212 atque
284 2129 319 2195 in
338 2130 437 2195 Marc.
451 2130 504 2211 48,
526 2128 656 2194 Phorm.
673 2129 737 2194 648
761 2125 871 2193 ‘illlis’
894 2129 1089 2194 scandendo.
1125 2127 1244 2207 Itaque
1267 2145 1339 2208 pro·

167 2237 240 2318 pius
263 2237 444 2304 averitate
467 2240 668 2303 contractam
691 2233 827 2301 formam
845 2215 964 2315 ‘ipsius’
994 2253 1065 2300 cum
1094 2232 1237 2300 Luchsio
1267 2234 1340 2299 sub·

168 2344 342 2410 stituamns
366 2342 420 2427 (cf.
435 2341 612 2409 Lucbsium
635 2344 657 2407 l.
672 2361 697 2408 s.
720 2363 750 2424 p.
766 2339 852 2426 371).
890 2341 986 2424 Quod
1010 2340 1039 2407 si
1063 2341 1165 2407 habet
1186 2338 1340 2422 probabi·

167 2451 311 2532 litatem,
338 2449 495 2516 hocloco
519 2448 666 2531 proiecto
688 2450 833 2531 priorem
857 2449 1016 2532 syllabam
1043 2447 1269 2514 irrationalem
1292 2446 1341 2512 in·

168 2559 368 2639 tellegamus
409 2575 542 2622 necesse
578 2563 641 2638 est3
685 2556 795 2622 eodem
837 2555 941 2639 igitur
976 2557 1069 2623 modo
1107 2555 1192 2621 hanc
1228 2572 1340 2622 rocem

169 2662 346 2730 Terentius
369 2662 521 2730 adhibuit
543 2669 643 2744 atque
666 2668 778 2729 cetera
803 2662 1000 2746 pronomina
1024 2662 1131 2730 veluti
1153 2661 1290 2728 istaec:

266 2770 395 2837 Phorm.
411 2771 475 2836 638
499 2820 595 2836 .....
618 2768 702 2853 Quis
724 2774 759 2836 te
782 2767 885 2835 istaec
907 2768 1004 2836 iussit
1027 2768 1127 2850 loqui.
