3014 4642
707 246 907 309 ,6.-

218 444 288 523 net,
321 440 363 506 ab
395 439 459 505 hac
491 441 571 505 sede
603 438 760 506 eiusmodi
787 441 891 507 verba
918 440 959 506 ob
986 441 1072 507 hanc
1098 440 1237 507 maxime
1264 461 1391 508 causam

218 546 445 630 prohibentur,
473 545 551 629 quia
578 552 654 628 post
682 546 831 628 quintum
858 547 1056 629 semipedem
1082 566 1218 615 caesura
1244 548 1394 634 legitima

217 652 338 719 senarii
361 652 468 720 solent
495 652 610 720 incidi.
655 653 746 719 Idem
774 652 934 722 videlicet
961 653 1052 720 cadit
1074 654 1108 720 in
1136 656 1393 738 septenariorum

217 760 456 828 trochaicorum
489 761 618 843 pedem,
651 759 707 841 qui
738 760 795 826 illi
826 762 1011 842 respondet.
1065 762 1184 844 Itaque
1215 782 1279 830 non
1311 763 1393 829 satis

217 866 361 934 dilucide
384 865 560 948 poterimus
581 867 776 951 perspicere,
799 879 956 950 quasnam
979 868 1070 951 leges
1093 869 1199 936 secuti
1220 874 1336 952 poetae
1359 870 1393 937 in

216 975 278 1041 hoc
300 993 415 1041 versus
438 976 512 1040 loco
535 975 624 1040 talia
647 976 750 1043 verba
773 974 836 1041 sihi
858 973 1066 1042 indulserint.

306 1078 380 1163 Qua
403 1080 444 1147 de
463 1099 563 1148 causa
585 1082 629 1147 ad
651 1080 786 1148 tertium
804 1082 905 1148 solum
928 1083 1030 1149 atine
1048 1083 1164 1166 pedem
1182 1087 1393 1151 attendentes

217 1193 252 1255 et
279 1190 322 1255 ad
349 1189 527 1255 secundum
554 1190 671 1270 pedem
698 1189 879 1271 septenarii
906 1189 1039 1257 iambici
1067 1191 1254 1274 asynarteti
1283 1191 1393 1258 condi·

217 1295 327 1362 ciones
356 1294 434 1362 illas
463 1295 654 1378 perquirere
684 1297 845 1381 volumus,
877 1296 993 1379 quibus
1021 1299 1163 1365 Plautus
1193 1297 1312 1380 aliique
1343 1299 1393 1366 usi

216 1403 310 1470 illius
333 1402 463 1487 generis
486 1403 650 1471 vocabula
673 1403 836 1487 rhythmis
859 1404 1182 1474 accommodaverint.

700 1657 912 1666 ———---.—

217 1889 250 1969 Ι.
285 1890 361 1970 DE
394 1888 735 1970 SPONDIAOIS
762 1888 825 1969 IN
852 1887 1391 1970 ANTEPAENULTIMO

554 1996 701 2076 PEDE
723 1993 1054 2077 VOCABULIS.

306 2155 346 2220 ln
368 2156 431 2221 hac
459 2153 570 2221 libelli
597 2159 693 2236 parte
715 2154 904 2236 priusquam
927 2155 1071 2222 virorum
1100 2156 1266 2220 doctorum
1291 2152 1393 2236 opini-

218 2281 297 2328 ones
320 2280 592 2346 recognoscemus
620 2260 749 2344 ipsique
776 2259 918 2328 feramus
932 2260 1112 2345 iudicium,
1140 2279 1291 2330 versuum
1319 2280 1392 2328 con-

218 2373 365 2452 spectum
393 2387 575 2451 proponere
604 2388 685 2450 opus
715 2372 779 2452 est,
810 2368 844 2434 in
875 2368 992 2451 quibus
1021 2367 1178 2435 eiusmodi
1207 2386 1304 2436 voces
1333 2367 1393 2435 illo

217 2478 301 2560 pede
331 2475 478 2542 inclusae
510 2479 691 2542 occurrant.
746 2474 991 2541 Abundantiam
1028 2480 1138 2541 autem
1174 2479 1212 2541 ut
1243 2474 1392 2542 nonnihil

217 2582 414 2666 recidamus,
449 2582 598 2667 singulos
630 2600 745 2651 versus
778 2580 1000 2649 exhibebimus
1032 2581 1067 2648 iu
1095 2581 1241 2649 ordinem
1268 2588 1393 2649 certum

218 2709 257 2757 ac
281 2689 525 2773 dispositionem
548 2691 707 2756 redactos.
744 2689 793 2755 Ae
816 2689 956 2771 primum
980 2688 1109 2771 quidem
1133 2687 1161 2755 si
1184 2688 1257 2772 quis
1278 2690 1394 2755 Plauti

218 2795 430 2879 uersumque
453 2796 585 2864 fabulas
601 2814 641 2863 ac
659 2795 782 2864 veteris
800 2796 1016 2864 Romanorum
1034 2795 1143 2880 poesis
1161 2794 1303 2862 frustula
1320 2817 1394 2878 per-

218 2904 352 2989 legerit,
384 2922 536 2988 magnum
563 2921 715 2971 versuum
743 2921 908 2969 numerum
936 2902 1085 2970 inveniet
1111 2901 1242 2986 talium,
1277 2905 1393 2986 quales

218 3011 428 3095 spondiacum
452 3028 565 3079 vocem
588 3008 779 3077 intertium
803 3028 824 3076 a
846 3009 910 3076 fine
932 3010 1047 3093 pedem
1070 3010 1119 3076 ite
1139 3009 1334 3094 receperint,
1357 3016 1394 3077 ut

217 3117 272 3182 illi
294 3118 406 3200 pedes,
430 3115 485 3197 qui
508 3116 758 3204 subsequantur,
782 3135 845 3183 uno
864 3116 1059 3198 expleantur
1077 3115 1187 3184 verbo.
1223 3116 1393 3184 Eiusmodi

217 3223 321 3308 igitur
348 3223 497 3306 exempla
524 3223 660 3305 primum
689 3242 869 3305 proponere
896 3223 946 3290 ite
974 3225 1017 3289 ud
1043 3242 1111 3289 rem
1133 3221 1329 3308 pertinebit„
1356 3230 1394 3290 ut

218 3330 316 3398 arsim
349 3330 553 3414 dissolutam,
585 3330 615 3395 si
648 3349 731 3411 quae
765 3332 940 3412 spondeum
973 3329 1156 3415 praecedit,
1189 3331 1331 3398 numeris
1359 3332 1393 3398 iu

218 3439 365 3522 margine
388 3436 544 3521 ascriptis
566 3435 755 3504 indicemus.
1323 3467 1325 3470 ·

307 3546 347 3611 A.
379 3545 419 3610 In
441 3547 558 3625 quurto
582 3543 707 3610 senarii
730 3547 813 3626 pede
836 3544 944 3627 posita
966 3544 1181 3613 inveniuntur

378 3651 403 3716 Ι.
431 3649 608 3732 spondiaco
643 3651 816 3733 vocabule,
860 3669 944 3732 quae
980 3653 1114 3719 uerbum
1150 3652 1393 3736 polysyllabum

432 3757 580 3840 sequitur

476 3885 504 3931 a.
528 3867 614 3948 apud
636 3865 802 3932 Plautum:

243 3977 270 4040 1.
294 3972 411 4039 Bacch
435 3974 498 4038 277
524 4023 685 4038 ........
706 4024 712 4037 .
735 3971 771 4038 in
793 3991 912 4042 navem
935 3972 1179 4040 conscendimus

242 4083 271 4147 2.
295 4080 387 4166 Capi.
412 4081 453 4146 15
478 4130 772 4152 ..............
797 4077 858 4167 ipe
880 4085 995 4152 vostra
1018 4080 1180 4152 censerier

1421 4097 1433 4137 1
