3014 4642
727 241 949 304 ..42-

351 433 386 498 Si
410 433 524 516 credis,
547 452 688 501 nummo:
713 434 741 500 si
764 453 837 516 non,
860 453 902 501 ue
925 435 1015 501 mina
1038 435 1167 518 quidem

250 540 315 625 Qui
337 559 452 609 versus
475 545 644 623 exemptus
663 539 796 608 videtur
817 540 891 626 lege
914 541 975 608 illa
998 561 1062 623 qua
1084 547 1213 626 poetae,
1236 561 1277 608 ne
1300 544 1426 611 duobus

246 648 395 715 iambicis
414 647 525 716 verbis
548 649 784 715 concluderent
802 648 966 715 senarium
986 653 1153 721 caverunt
1189 649 1299 732 Atque
1318 650 1424 718 Luch-

247 756 314 823 sius
342 755 473 838 quidem
501 756 541 822 de
570 755 743 822 diiambico
772 755 863 822 exitu
891 755 1106 839 suspicionem
1134 762 1245 824 movet
1267 756 1425 842 (Studem.

247 864 355 930 studd.
378 863 409 946 Ι,
438 865 466 929 1.
493 884 524 944 p.
548 863 618 949 bl);
645 863 715 946 ipse
743 868 852 930 autem
879 863 1006 930 fatetur
1033 863 1202 931 admodum
1232 865 1425 933 dubitanter

248 990 283 1036 sc
307 969 496 1037 coniecisse:

345 1079 373 1143 si
397 1076 514 1162 credis,
538 1096 676 1144 nummo:
700 1077 728 1143 si
751 1095 816 1143 non
840 1077 955 1160 credis,
978 1097 1042 1144 non
1064 1077 1152 1145 mina

248 1187 292 1251 Et
323 1204 359 1251 re
386 1204 467 1252 vera
496 1184 633 1250 mamma
663 1184 817 1267 displicet
847 1185 972 1251 ‘credis’
1002 1185 1038 1251 in
1067 1185 1180 1252 eadem
1211 1186 1342 1269 syllaba
1372 1186 1423 1254 bia

246 1297 384 1359 acutum.
421 1291 576 1359 Editores
599 1290 670 1360 iure
689 1291 833 1360 codicum
853 1292 958 1359 secuti
977 1298 1054 1359 sunt
1072 1292 1312 1373 auctoritatem,
1335 1297 1423 1361 unde

246 1401 296 1467 ‘ne
319 1399 407 1467 mina
430 1399 568 1481 quidem’
591 1400 670 1466 item
693 1404 792 1481 atque
815 1402 864 1466 ‘ne
888 1419 950 1484 gry
974 1399 1113 1482 quidem’
1136 1420 1195 1483 pro
1219 1420 1283 1468 uno
1306 1402 1424 1468 baberi

246 1509 408 1574 vocabulo
432 1512 578 1589 apparet.
620 1507 714 1591 Quod
738 1526 810 1572 cum
829 1511 1028 1591 reputamus
1051 1526 1093 1574 ne
1116 1507 1150 1573 in
1168 1508 1329 1576 Rudentis
1353 1509 1423 1590 qui-

248 1616 824 1696 domv.1423vcxemusoportet
852 1614 1061 1697 spondiacam
1085 1634 1198 1682 vocem
1226 1616 1309 1683 ‘dati
1354 1616 1423 1682 Nec

246 1721 348 1806 magis
372 1721 545 1788 offenderis
568 1721 627 1786 illo
650 1721 816 1804 ‘periuras’
840 1721 951 1802 (Poen.
975 1724 1067 1806 480),
1095 1742 1166 1789 cum
1190 1723 1330 1807 rogandi
1354 1723 1420 1789 for·

246 1831 355 1894 mulae
378 1829 466 1910 ‘quid
489 1828 634 1912 postea?'
675 1831 812 1895 eandem
834 1828 901 1897 vim
924 1830 1105 1896 tribuamus
1129 1850 1225 1911 quam
1250 1829 1305 1896 uni
1324 1849 1420 1898 voca·

245 1936 366 2022 bu101).
404 1936 478 2002 Hac
502 1935 605 2021 igitur
625 1936 753 2004 ratione
771 1936 881 2018 aptius
899 1942 937 2002 ut
955 1936 1034 2002 milri
1053 1935 1188 2003 videtur
1206 1939 1420 2021 spondeorum

245 2046 396 2126 exempla
419 2044 687 2127 interpretamur,
711 2063 806 2125 quam
830 2044 858 2109 si
882 2042 1007 2111 Klotzii
1030 2045 1228 2110 sententiam
1251 2043 1356 2111 secuti
1380 2065 1421 2110 ex

246 2150 449 2220 brevioribus
469 2151 651 2218 enuntiatis
670 2150 909 2218 excusationem
930 2150 1114 2233 spondiacis
1130 2151 1240 2219 verbis
1258 2170 1420 2234 paramus

245 2276 378 2338 quorum
407 2257 615 2324 offensionem
644 2256 679 2322 in
706 2257 893 2323 Poenoue
921 2257 1006 2323 Men.
1030 2257 1094 2322 623
1123 2256 1224 2323 Andr.
1250 2259 1312 2324 767
1342 2277 1419 2340 quo-

243 2365 337 2431 modo
360 2366 517 2431 tollamus
539 2363 668 2430 minime
692 2369 838 2446 apparot.

244 2472 318 2539 Huc
341 2470 460 2538 deinde
482 2471 640 2538 videntur
663 2489 734 2536 esse
757 2470 921 2536 referendi
944 2470 979 2536 hi
1002 2489 1129 2538 versus:

341 2579 418 2645 Aul.
443 2580 507 2645 375
531 2576 722 2660 Vitulinam
747 2583 862 2660 cetum,
886 2577 1060 2660 porcinam,
1084 2597 1163 2644 cara
1186 2579 1294 2644 omnia

341 2687 431 2752 Pers.
450 2687 515 2751 408
539 2686 669 2768 Inpure,
692 2685 874 2768 inhoneste,
897 2685 1011 2768 iniure‚
1032 2684 1130 2768 inlex,
1150 2687 1245 2752 labes
1267 2686 1356 2769 popli

243 2795 294 2859 De
326 2794 436 2876 priore
467 2793 601 2875 spondei
633 2795 783 2874 exemplo
815 2813 834 2857 a
864 2792 1072 2876 Bragmanno
1101 2810 1235 2875 prorsus
1266 2793 1417 2879 neglecto

242 2900 437 2967 sententiam
462 2919 553 2966 suam
571 2899 728 2965 Klotzius
748 2900 834 2965 haud
853 2899 934 2965 satis
953 2898 1096 2965 dilucide
1114 2900 1256 2982 aperuit;
1280 2903 1419 2968 adnotat

242 3009 327 3074 enim
353 3011 375 3074 l.
399 3029 422 3072 s.
447 3028 476 3089 p.
497 3008 574 3072 327:
598 3007 693 3074 ‘wohl
717 3008 800 3072 noch
824 3025 864 3072 zu
888 3007 1159 3091 entschuldigen.’
1195 3008 1268 3093 Ego
1288 3008 1417 3091 quidem

243 3116 372 3182 etiamsi
400 3115 534 3200 linguae
558 3115 791 3181 necessitatem
816 3117 977 3194 quandam
1002 3117 1116 3182 valere
1139 3134 1204 3181 non
1226 3116 1414 3200 negaverim

243 3241 343 3303 quare
367 3223 401 3288 in
421 3229 536 3303 quuarto
560 3223 681 3288 senarii
705 3223 777 3287 loco
796 3227 988 3289 accentuum
1007 3223 1225 3307 repugnantia
1245 3230 1417 3306 procreata

242 3329 298 3412 sit,
331 3336 441 3396 tamen
473 3330 628 3395 Plautum
661 3327 860 3395 corusuluisse
892 3329 1066 3411 asperitati
1097 3329 1294 3412 spondiacus
1325 3331 1416 3399 vocis

241 3435 412 3502 leniendae
440 3435 579 3502 confido:
608 3441 711 3502 artam
737 3436 820 3502 enim
845 3438 1018 3504 verborum
1041 3438 1143 3503 habes
1166 3437 1416 3521 copulationem,

241 3561 305 3622 qua
323 3542 432 3608 ultimi
453 3546 515 3608 duo
534 3529 635 3624 pedes
654 3563 674 3609 a
692 3542 915 3624 superioribus
929 3543 1203 3626 interpunctionis
1217 3543 1253 3610 vi
1267 3545 1415 3627 separati

241 3650 563 3730 comprehendantur.
605 3650 751 3731 Namque
773 3652 877 3716 multo
901 3650 1032 3734 aegrius
1056 3653 1231 3733 spondeum
1251 3651 1364 3735 ferres,
1386 3652 1413 3718 si

238 3756 455 3823 terminantes
480 3759 542 3824 duo
566 3760 667 3840 pedes
690 3758 772 3823 item
795 3763 894 3836 atque
919 3757 949 3823 ei
973 3757 1028 3838 qui
1052 3759 1253 3824 antecedunt
1276 3758 1415 3825 divelle-

239 3869 353 3929 rentur
376 3870 410 3929 et
434 3864 703 3932 distraherentur.

329 4006 351 4076 ¹)
370 4004 474 4060 Eadem
504 4009 588 4062 verba
614 4008 728 4062 Plautus
755 4007 903 4069 collocavit
933 4007 962 4062 in
990 4007 1067 4066 exitu
1094 4025 1220 4063 versuum
1246 4008 1316 4062 Rud.
1345 4008 1412 4063 1276

239 4085 336 4150 Pseud.
358 4087 426 4147 1092
445 4086 524 4147 Tmo.
545 4089 604 4152 509,
