3014 4642
647 253 867 320 -21-

168 452 228 517 bus
256 450 339 516 enim
369 449 522 533 deinceps
550 450 737 532 spondiacis
763 451 933 518 vocabulis
961 451 1013 517 usi
1040 453 1073 518 iu
1101 457 1238 534 utroque
1261 456 1345 536 pede

167 558 290 623 ictuum
321 557 575 641 repugnantiam
612 557 782 624 efficerent
817 561 986 640 multoque
1023 560 1127 642 magis
1164 562 1346 627 abnuerent

167 683 372 731 numerorum
400 665 611 748 elegantiam.
657 665 817 731 Iambicas
846 670 954 732 autem
983 685 1079 732 voces
1103 686 1123 733 a
1146 667 1345 749 paenultima
1409 739 1413 747 ,

167 773 249 853 pede
273 790 328 838 eos
353 791 486 854 prorsus
514 772 695 839 exclusisse
723 774 957 840 admonendum
988 779 1039 839 est
1061 774 1125 839 nisi
1154 775 1253 841 certis
1275 775 1345 856 qui-

166 880 304 945 busdam
329 877 460 963 legibus
482 879 613 946 sanctis.
655 879 710 966 (cf.
734 879 908 946 Luchsinm
936 880 970 947 iu
994 880 1208 947 Studemnndi
1236 883 1344 949 stndd.

168 986 203 1051 in
225 986 322 1068 prisc.
345 986 458 1069 script.
482 986 538 1053 lat.
562 987 587 1069 Ι,
612 989 628 1052 1
655 1007 706 1069 pp.
732 988 760 1051 5.
787 987 850 1072 13.)

254 1094 374 1176 ltaque
388 1092 593 1176 probabilem
610 1093 864 1177 explicationem
879 1095 1010 1161 adferre
1030 1097 1119 1180 licet,
1138 1097 1345 1178 quadecausa

165 1201 327 1270 vocabula
345 1201 557 1285 polysyllaba
575 1201 751 1283 spondeum
770 1203 945 1268 subsecuta
965 1203 999 1268 in
1018 1202 1153 1269 deliciis
1173 1209 1343 1286 poetarum
1419 1261 1421 1267 Α

165 1307 302 1375 fuerint:
336 1326 472 1391 quorum
497 1308 621 1390 priores
651 1308 802 1392 syllabae
832 1309 1064 1391 paenultimam
1094 1310 1200 1375 locum
1230 1329 1344 1378 versus
1427 1300 1429 1303 ’

167 1422 364 1499 occupantes
387 1417 459 1485 sive
482 1414 617 1498 spondei
641 1415 753 1502 (sicuti
777 1415 973 1501 ‘censerierb
1002 1417 1075 1483 sive
1098 1416 1270 1499 anapaesti
1292 1416 1345 1502 (ut

166 1522 416 1610 retinaculum)
444 1523 514 1591 sive
541 1522 641 1590 iambi
669 1522 720 1609 (ut
745 1522 954 1608 creaverim)
982 1542 1164 1589 mensuram
1192 1530 1344 1608 aequant,

166 1651 325 1713 nusquam
347 1632 570 1715 rhythmorum
594 1629 801 1698 volubilitati
828 1630 974 1713 obstant,
1002 1630 1162 1713 siquidem
1185 1651 1344 1716 gramma·

165 1738 267 1805 ticum
291 1744 460 1805 accentum
484 1744 518 1804 et
540 1738 711 1804 metricum
734 1756 861 1820 semper
885 1738 1088 1805 consociatos
1112 1739 1275 1806 exhibent.
1300 1777 1342 1787 -

166 1845 271 1930 Quam
293 1845 423 1928 quidem
445 1845 687 1928 interpretandi
709 1844 871 1911 rationem
890 1845 1044 1912 Klotzius
1068 1864 1195 1928 quoque
1219 1846 1343 1932 attigit,

166 1973 237 2020 cum
263 1953 345 2019 haec
369 1951 494 2018 diceret
521 1951 557 2038 (l.
581 1971 606 2020 s.
628 1972 659 2035 p.
684 1951 776 2038 aab:
806 1950 864 2038 ι(ιι
887 1951 984 2037 wind)
1014 1952 1160 2019 dadnrch
1189 1953 1342 2038 augleich

165 2059 220 2128 die
245 2060 503 2144 Wiederholuug
530 2061 620 2126 eines
648 2060 780 2127 solchen
809 2062 872 2126 deu
896 2059 993 2143 (lang
1021 2061 1078 2126 des
1100 2059 1220 2126 Verses
1247 2060 1343 2126 stark

165 2166 517 2252 beeintrtchtigenden
535 2166 704 2250 Spondeus
724 2167 1015 2250 ausgeschlossen’.
1053 2167 1118 2232 Sed
1140 2166 1247 2232 obiter
1269 2171 1342 2232 tan·

165 2277 330 2343 tummodo
345 2274 548 2357 strictimque
562 2274 659 2341 huius
674 2273 725 2340 rei
739 2273 932 2339 mentionem
951 2272 1041 2355 fecit,
1061 2273 1113 2338 cui
1132 2271 1340 2340 tribuendum

166 2382 230 2449 erit
252 2383 353 2449 multo
376 2381 511 2467 gravius
534 2383 670 2463 pondus.

198 2493 201 2496 ’
254 2489 391 2573 Quare
424 2488 557 2574 cognita
589 2507 644 2555 eos
675 2491 775 2571 plane
808 2508 920 2555 errare
952 2487 1156 2555 manifestum
1189 2492 1254 2570 est,
1286 2488 1343 2570 qui

164 2598 262 2681 longa
281 2597 442 2665 vocabula
464 2596 678 2663 terminantes
697 2599 778 2662 duos
796 2598 895 2679 pedes
919 2598 1070 2679 amplexa
1092 2614 1172 2678 prae
1196 2613 1232 2661 se
1255 2594 1341 2661 ferre

164 2704 355 2771 tarditatem
385 2702 529 2786 aliquam
561 2703 733 2769 confidant.
780 2703 879 2769 Haud
909 2703 975 2769 scio
1005 2723 1047 2769 an
1078 2721 1188 2768 omues
1218 2721 1341 2769 mecum

165 2811 381 2894 consentiant,
400 2830 495 2892 quam
512 2811 674 2894 singulari
693 2816 766 2877 arte
785 2815 914 2877 veteres
928 2810 1145 2876 Romanorum
1164 2815 1283 2892 poetae
1296 2846 1341 2857 -

163 2918 321 3001 imprimis
351 2919 488 2985 Plautus
519 2956 563 2965 —
596 2918 784 3001 spondiacis
815 2917 940 3000 verbis,
980 2917 1096 2998 quibus
1125 2915 1161 2982 in
1190 2915 1290 2982 tertio
1321 2937 1341 2983 ι

163 3026 228 3093 fine
256 3028 338 3108 pede
366 3025 518 3092 admissis
547 3045 661 3092 versus
694 3025 827 3110 gravmi
855 3029 997 3108 constat,
1030 3024 1242 3106 asperitatem
1275 3042 1340 3089 om·

163 3152 301 3215 nemque
330 3132 538 3200 offensionem
567 3135 647 3200 adeo
676 3133 871 3216 exemerint,
903 3137 941 3199 ut
972 3151 1123 3197 numeros
1151 3150 1216 3198 non
1245 3132 1339 3197 modu

163 3259 229 3308 non
262 3240 475 3323 deformasse,
507 3260 620 3308 verum
652 3240 751 3306 etiam
784 3240 937 3306 maiorem
969 3239 1012 3304 ad
1040 3239 1240 3322 elegantiam
1266 3257 1340 3321 per·

163 3346 295 3414 duxisse
318 3347 502 3416 videantur.
548 3347 597 3413 Eo
620 3347 725 3414 minus
748 3347 854 3431 igitur
877 3347 1128 3430 comprobamus,
1158 3347 1243 3427 quod
1267 3346 1339 3412 Rit

163 3453 306 3521 schelius
337 3455 373 3521 in
402 3455 506 3522 Proll.
530 3476 559 3537 p.
584 3454 706 3522 CCXV.
735 3455 775 3520 de
806 3454 965 3520 eiusmodi
998 3453 1079 3520 locis
1108 3451 1338 3535 praescripsit:

162 3561 245 3628 ‘Tali
278 3567 387 3628 tamen
418 3561 630 3646 neglegentia
666 3562 756 3648 (uam
789 3561 936 3643 profecto
975 3559 1172 3645 diligentiae
1208 3560 1337 3627 laudem

162 3669 250 3736 illud
272 3688 337 3737 non
359 3668 474 3755 habet)
502 3689 566 3752 quo
590 3669 694 3754 magis
722 3669 828 3735 libera
853 3687 924 3733 esse
948 3686 1002 3733 ars
1026 3667 1181 3736 universa
1206 3668 1336 3735 illorum

162 3783 333 3858 poetarum
356 3779 455 3858 solet,
483 3796 521 3843 eo
551 3796 610 3842 nos
638 3779 678 3842 de
706 3774 847 3859 singulis
874 3773 1118 3857 suspiciosiores
1146 3793 1219 3840 esse
1243 3776 1339 3841 decet

163 3887 198 3949 et
220 3882 388 3964 aliquanto
411 3882 540 3951 tardius
568 3886 609 3949 de
637 3887 808 3965 poetarum
836 3883 995 3962 quamde
1023 3881 1231 3949 librariorum
1254 3880 1337 3949 vitio

162 3989 328 4074 cogitare'.
377 3990 447 4056 Iam
480 3991 584 4076 igitur
615 3974 700 4056 hanc
731 3988 800 4055 fere
829 3989 933 4073 legem
966 3988 1118 4055 stabilem
1152 3993 1337 4072 certamque

162 4100 308 4163 statuere
330 4096 423 4163 licet:
