3014 4642
650 214 872 279 ,31-

174 409 352 477 interiores
380 410 587 493 dipodiarum
613 411 714 493 podes
741 411 909 494 amplexis.
960 411 1008 478 Ut
1038 411 1123 479 enim
1154 412 1218 479 iam
1250 431 1352 494 supra

174 517 433 601 memoravimus,
462 517 522 584 ille
549 517 603 587 vir
630 520 744 584 doctus
772 518 806 584 in
833 518 914 601 ipsis
941 517 1012 585 illis
1040 519 1151 602 longis
1180 518 1351 588 vocabulis

174 643 289 692 versus
311 625 565 692 terminantibus
588 625 732 706 aliquam
757 625 935 692 excusandi
958 645 998 692 11
1022 626 1159 708 spondei
1177 626 1350 694 molliendi

173 731 240 799 vim
267 731 376 798 inesse
405 751 469 798 non
499 731 611 799 sensit.
667 731 759 816 Quae
792 734 894 801 verba
926 734 1013 814 quod
1045 735 1216 800 admodum
1249 752 1350 817 saepe

173 838 348 905 coniuncta
371 845 483 906 essent
505 859 577 907 curn
596 841 775 922 spondiaco
794 859 883 923 voce,
906 840 940 905 id
961 843 1033 907 sola
1051 840 1185 926 liuguae
1204 840 1347 908 necessi·

172 950 244 1011 tate
272 945 432 1028 explicari
459 947 578 1013 voluit.
630 947 748 1028 Itaque
776 953 814 1012 ut
840 948 941 1014 aliam
968 949 1161 1030 exploraret
1187 947 1349 1016 rationem

173 1071 304 1135 operam
332 1053 436 1137 dedit,
469 1073 534 1135 qua
561 1054 698 1137 spondei
725 1054 924 1139 gravitatem
951 1060 1066 1137 poetas
1094 1056 1226 1124 levasse
1253 1055 1349 1123 nobis

173 1163 407 1242 comprobaret
453 1162 500 1227 Et
523 1161 676 1228 momenti
699 1161 841 1228 alicuius
864 1181 935 1229 esse
958 1162 1099 1246 putavit,
1128 1163 1214 1243 quod
1238 1180 1348 1229 eorum

171 1270 290 1350 pedum
326 1287 418 1335 arses
454 1268 504 1335 illi
540 1288 769 1350 nonnunquam
799 1269 1037 1353 dissolverunt,
1076 1269 1133 1351 qui
1169 1269 1349 1352 spondiaca

173 1377 275 1443 verba
300 1377 507 1458 praecedant.
554 1375 652 1443 Cuius
680 1375 864 1443 sententiae
894 1376 971 1458 quid
999 1396 1121 1444 summa
1144 1375 1202 1460 sit,
1225 1375 1348 1459 optime

172 1483 393 1567 cognoscimus
424 1502 464 1549 ex
487 1483 549 1567 eis,
579 1503 663 1565 quae
685 1483 877 1565 pronuntiat
904 1483 984 1550 libri
1012 1482 1062 1550 sui
1091 1504 1144 1567 pp.
1168 1483 1243 1550 3382
1267 1485 1347 1550 339:

173 1589 268 1671 „Und
287 1589 383 1657 darin
401 1591 533 1658 besteht
551 1593 610 1658 der
627 1590 845 1658 wesentliche
862 1590 1083 1658 Untersohied
1099 1591 1264 1658 zwischen
1282 1591 1346 1657 den

170 1695 289 1763 beiden
312 1698 531 1764 Ausnahmen.
574 1698 745 1765 Wahrend
769 1697 823 1764 die
847 1703 935 1764 erste
958 1698 1050 1764 mehr
1073 1717 1131 1764 ans
1154 1695 1347 1764 metrischer

169 1803 236 1869 Not
262 1805 459 1886 zugelassen
482 1804 552 1871 sein
574 1824 662 1890 mag,
690 1805 794 1871 findet
817 1804 871 1872 die
894 1805 1012 1873 aweite
1041 1804 1075 1870 11
1098 1803 1345 1888 rhythmischen

170 1910 424 1977 Verhhltnissen
446 1910 519 1978 ihre
542 1914 735 1997 geniigende
758 1912 980 1994 Erklarnng.⁴‘
1028 1912 1098 1978 Iam
1118 1930 1197 1978 vero
1217 1912 1260 1977 ad
1279 1917 1345 1976 ter-

169 2017 249 2084 tium
278 2039 298 2084 a
325 2018 389 2084 fine
416 2021 533 2102 pedem
557 2020 643 2100 quod
666 2019 801 2102 attinet,
828 2019 954 2086 Klotzii
977 2020 1141 2086 rationem
1168 2017 1253 2084 nihil
1275 2017 1345 2085 iere

169 2125 282 2192 valere
306 2144 347 2191 ex
360 2119 495 2193 ‘tabulis
519 2145 600 2208 quas
623 2146 723 2209 supra
746 2125 942 2194 confecimus
962 2128 1038 2193 luce
1059 2125 1178 2192 clarius
1197 2129 1344 2208 apparet.

169 2232 238 2299 Hos
261 2233 347 2299 enim
371 2252 523 2301 numeros
545 2234 714 2300 habemus:

259 2339 397 2407 11111·
422 2343 485 2406 166
509 2340 672 2427 versus1),
700 2340 756 2422 qui
779 2340 877 2424 longo
900 2340 1065 2408 vocabulo
1089 2341 1267 2422 spondeum
1289 2358 1345 2406 ex·

168 2446 312 2528 cipiente
325 2447 553 2531 terminantur,
569 2447 782 2529 conspicimus
796 2449 837 2513 37
854 2450 955 2531 locos,
969 2465 1102 2528 quorum
1118 2465 1210 2514 arses
1224 2451 1343 2530 poetae

167 2553 395 2622 dissolverunt.

258 2664 286 2726 2.
309 2661 349 2727 In
374 2664 436 2728 105
466 2661 639 2746 exemplis,
670 2680 753 2743 quaa
781 2668 857 2743 post
883 2663 1060 2743 spondeum
1090 2664 1259 2743 complura
1287 2679 1342 2726 ex·

167 2768 283 2835 hibent
306 2769 416 2854 verba,
439 2770 481 2835 32
506 2768 688 2836 dissolutae
711 2787 802 2835 arses
824 2768 1046 2837 inveniuntur.

256 2876 308 2942 Ad
333 2895 487 2943 summam
510 2875 612 2961 igitur
636 2879 675 2942 de
700 2877 763 2941 271
789 2876 939 2944 versibus
963 2894 1187 2943 enumeramus
1212 2874 1342 2960 11111

42 2993 45 2998 ’
165 2982 216 3048 illi
247 2983 429 3051 condicioni
461 2983 636 3051 sufficiant.
686 2984 829 3050 Restant
861 2985 1028 3066 complura
1061 2984 1225 3065 exempla,
1258 3000 1342 3063 quae

167 3091 299 3156 etiamsi
335 3091 513 3158 admittant
545 3093 681 3157 eandem
714 3089 962 3157 dissolutionem
995 3096 1105 3157 tamen
1136 3106 1341 3171 nequaquam

166 3196 329 3281 flagitent,
351 3216 422 3276 cum
436 3198 661 3280 rhythmorum
681 3196 903 3278 sermonisque
918 3197 1120 3281 elegantiam
1138 3198 1228 3264 nullo
1242 3201 1341 3279 pacto

166 3305 303 3370 laedant
325 3304 467 3387 synizesi
490 3304 544 3372 vel
569 3304 702 3371 ehsione
725 3304 889 3370 adhibita.
939 3303 1097 3370 Videmus
1120 3302 1223 3388 igitur
1246 3322 1340 3385 quam

165 3410 284 3477 iustam
306 3411 446 3480 moverit
469 3411 685 3493 suspicionem
701 3410 883 3494 Seyffertus
907 3413 948 3476 de
966 3410 1049 3495 lege,
1073 3431 1168 3492 quam
1190 3410 1340 3476 Klotzius

165 3518 229 3586 sibi
251 3518 391 3586 finxerit.
425 3518 531 3605 (Berl.
553 3518 607 3600 ph.
630 3517 757 3584 Wsohr.
784 3519 867 3583 1891
898 3517 973 3584 1111.
997 3519 1071 3585 926.
1095 3517 1184 3604 927.)
1229 3517 1340 3599 Atque

162 3625 251 3692 illud
283 3644 410 3707 quoque
441 3626 634 3692 mouendum
667 3630 726 3709 est,
758 3630 872 3706 poetas
905 3626 934 3691 si
966 3624 1216 3709 pyrrhichiacas
1248 3642 1339 3692 arses

163 3734 340 3815 spondeum
364 3732 511 3815 proximo
534 3734 766 3800 antecedentes
794 3734 926 3814 plenam
950 3751 1125 3814 veramque
1154 3732 1340 3798 excusatio·

162 3858 236 3906 nem
260 3858 332 3906 esse
356 3840 583 3923 credidissent,
605 3839 641 3906 11
663 3839 706 3905 iis
725 3838 927 3921 potissimum
947 3838 1031 3906 locis
1049 3843 1219 3906 secuturos
1237 3836 1339 3903 inisse

253 3984 274 4053 ²)
293 3980 471 4052 Neglegimus
494 3999 568 4036 nunc
592 3997 764 4048 cosumus,
788 3980 819 4034 in
837 3980 940 4049 quibus
958 3980 1126 4051 pronomina
1144 3979 1208 4047 ille,
1228 3978 1290 4033 iste'
1309 3979 1338 4034 in

162 4071 215 4125 hoc
234 4071 305 4141 pede
324 4071 416 4141 posita
435 4073 512 4136 sunt3
532 4071 566 4130 de
584 4069 628 4124 his
646 4072 744 4140 postea
763 4069 901 4139 agendum
921 4069 982 4125 erit.
