3014 4642
641 248 862 312 ...45-

261 448 346 513 Μ11.
362 449 427 513 294
451 445 630 530 Oylindrus
655 464 716 530 ego
741 463 823 510 sum:
847 462 912 510 non
934 441 1021 509 nosti
1043 461 1160 510 nomen
1183 461 1287 509 meum

162 555 282 622 Omnes
309 555 342 620 hi
374 553 439 620 loci
468 557 602 636 propter
624 552 759 618 similem
783 551 1006 618 formationem
1029 550 1171 619 invicem
1195 567 1266 615 sese
1288 554 1340 613 tu·

162 667 288 729 tantur.
334 660 443 745 Quare
476 679 547 726 cum
579 660 786 744 Brugmanno
819 658 1062 742 dissentiamus,
1093 656 1149 738 qui
1180 657 1338 723 (111441

162 767 310 852 scripsit:
342 769 486 835 ‘mortem
508 767 652 849 protollo
675 766 762 832 mihi'
786 766 823 850 (l.
847 785 871 833 s.
894 787 924 848 p.
945 763 1008 852 50).
1053 765 1167 846 Neque
1194 762 1229 829 11
1251 761 1340 828 'Prin

163 897 194 944 v.
215 878 280 943 883
304 875 489 944 suaviorem
513 875 684 941 verborum
709 893 820 940 sonum
847 872 913 939 scio
937 891 979 939 11
1002 892 1067 938 111
1090 871 1269 937 efficiamus
1291 869 1341 934 ita

162 984 424 1065 transponendo:
456 980 605 1065 ‘agedum
637 981 774 1063 primum
806 999 922 1046 nomen
955 985 1044 1045 tuom
1074 997 1215 1044 memora
1244 976 1340 1042 mihi’.

164 1089 317 1156 Ceterum
340 1089 454 1155 iisdem
477 1088 597 1171 verbis,
623 1107 707 1169 quae
729 1088 860 1154 ultimos
883 1089 983 1169 pedes
1006 1089 1177 1170 occupant,
1199 1085 1341 1151 Plautus

163 1216 242 1264 usus
265 1201 316 1262 est
337 1196 372 1261 in
395 1195 447 1261 his
470 1195 633 1263 versibus:

267 1304 341 1369 Aul.
361 1305 423 1369 321
451 1354 591 1370 .......
615 1308 667 1368 est
691 1301 852 1369 celerior?
875 1319 1018 1368 memora
1042 1301 1127 1366 milii.

266 1410 358 1493 Oapt.
378 1412 442 1477 270
543 1429 586 1475 11
609 1410 695 1475 liber
718 1409 865 1493 movelis,
888 1428 1029 1475 memora
1051 1408 1129 1474 mihi

165 1518 314 1600 Itemque
337 1518 372 1583 11
395 1516 486 1584 Asin.
510 1518 574 1583 529
598 1517 771 1584 verborum
795 1519 873 1582 ordo
896 1515 1071 1583 stabilitur
1092 1515 1143 1580 his
1166 1514 1250 1581 locis
1274 1517 1341 1579 col·

165 1625 254 1709 latis,
276 1624 333 1692 ubi
356 1624 476 1690 similia
495 1623 656 1691 vocabula
677 1625 711 1690 in
730 1644 881 1692 versuum
905 1625 969 1690 fine
989 1626 1128 1690 redeunt
1145 1623 1241 1688 nulla
1262 1640 1351 1694 voce,

166 1731 373 1814 interposita:

119 1870 121 1874 v
268 1839 360 1905 Curc.
385 1841 449 1904 642
475 1889 727 1906 ............
751 1857 834 1920 quae
857 1839 922 1905 fuit
943 1844 1049 1904 mater
1071 1844 1131 1904 tua

267 1945 362 2028 Epid.
388 1947 451 2012 590
476 1996 572 2012 .....
596 1965 660 2012 111
684 1965 763 2030 ergo
789 1947 871 2012 haec
898 1950 1005 2012 mater
1026 1950 1131 2012 meast

266 2053 351 2120 Men.
377 2055 418 2120 19
443 2102 856 2120 ...................
884 2059 922 2119 11
944 2059 1049 2118 mater
1072 2071 1131 2119 sua

168 2159 241 2244 Qua
260 2161 300 2225 de
318 2149 417 2226 causa
435 2159 528 2226 nobis
551 2179 617 2225 non
636 2162 805 2244 probatur,
828 2162 914 2241 quod
934 2160 1071 2226 Bothius
1091 2166 1124 2225 11
1142 2158 1343 2225 Ritsohelius

168 2269 357 2335 voluerunt:
380 2267 419 2333 ‘si
441 2272 547 2333 mater
569 2267 727 2334 moriatur
750 2268 818 2333 sua’
841 2266 895 2348 (cf.
909 2266 999 2332 Asin.
1022 2269 1070 2332 ed.
1092 2266 1343 2333 Goetz·Loewe

172 2374 291 2460 1881).
336 2374 477 2440 Nostrae
504 2380 611 2441 autem
641 2375 779 2441 rationis
807 2374 901 2456 quasi
928 2373 1171 2440 fundamentum
1202 2379 1253 2439 est
1275 2374 1343 2438 Me·

171 2482 398 2548 noechmorum
421 2503 452 2550 1.
476 2483 554 2562 294,
585 2481 676 2547 11111
704 2481 913 2564 spondiacum
936 2481 970 2545 in
994 2487 1111 2562 quarto
1139 2483 1222 2564 pede
1249 2500 1345 2548 voca-

170 2588 284 2655 bulum
302 2607 344 2656 11
358 2588 574 2657 sollicitemus
589 2589 798 2655 dissuadetur
816 2589 914 2656 etiam
928 2588 1136 2656 Ambrosiam
1149 2587 1343 2655 testimonio.

170 2694 240 2778 Quo
263 2696 298 2761 11
322 2695 431 2762 codice
453 2696 557 2764 verba
578 2696 656 2761 item
680 2696 841 2779 disposita
867 2696 969 2763 fuisse
993 2703 1093 2778 atque
1121 2697 1156 2762 in
1179 2695 1344 2762 Palatinis

170 2802 316 2868 dilucide
358 2821 400 2868 11
439 2802 491 2869 his
532 2802 683 2869 frustulis
720 2802 945 2886 perspicimus:
990 2803 1345 2870 ‘nosteinomenmeum’.

170 2908 325 2975 Klotzius
354 2909 502 2976 nimirum
532 2915 633 2993 negat
663 2911 836 2993 genuinam
866 2910 980 2976 Plauti
1010 2909 1185 2976 dictionem
1216 2911 1258 2975 ad
1285 2928 1345 2975 nos

171 3033 243 3082 esse
265 3017 438 3099 perlatam,
461 3015 539 3098 quia
562 3016 644 3100 legi,
668 3036 762 3098 quam
787 3019 829 3083 de
851 3017 1007 3099 spondeis
1029 3016 1178 3083 admissis
1201 3015 1265 3083 sibi
1290 3035 1343 3082 ex-

171 3122 340 3208 cogitavit,
367 3124 471 3191 verba
493 3142 558 3189 non
582 3122 748 3189 sufficiunt
771 3123 825 3210 (cf.
849 3145 879 3206 p.
904 3124 1056 3207 341111
1080 3127 1231 3191 adnotat:
1259 3123 1344 3190 ‘Um-

170 3230 362 3315 stellungl’).
408 3230 453 3294 ut
475 3230 539 3297 iam
566 3236 642 3296 1111
660 3230 826 3298 Klotzium
848 3251 1019 3314 perperam
1041 3237 1251 3299 mutaverunt
1273 3250 1345 3299 ver-

171 3356 242 3403 sum
265 3336 413 3421 Bothius,
436 3336 647 3420 Bitschelius,
671 3338 707 3404 F.
732 3338 919 3405 Schoellins
943 3341 1046 3407 verba
1069 3340 1117 3407 sic
1139 3338 1344 3405 traicientes:

170 3446 177 3479 ‘
180 3495 277 3510 .....
296 3462 413 3510 nomeu
428 3463 493 3511 111
511 3445 599 3511 nosti
618 3446 739 3512 meum'
762 3445 817 3532 (cf.
831 3447 869 3512 F.
883 3446 1042 3513 Schoellii
1057 3450 1106 3512 ed.
1120 3447 1215 3527 Mem,
1236 3444 1345 3530 1889).

170 3551 264 3617 Illud
288 3558 414 3633 quoque
442 3557 584 3619 nostram
604 3555 816 3641 *commendat
842 3553 1051 3637 sententiam,
1082 3556 1168 3635 quod
1195 3552 1345 3619 nonnulli

170 3662 305 3723 exstant
328 3677 442 3726 versus
466 3660 522 3740 qui
546 3662 680 3726 eandem
704 3662 938 3728 vocabulorum
963 3660 1203 3744 copulationem
1227 3661 1262 3726 in
1280 3660 1345 3726 fine

170 3765 343 3847 praebent3
368 3784 503 3846 quorum
525 3767 654 3849 repperi
679 3769 789 3835 hosce:

271 3872 388 3954 Amph.
414 3875 454 3940 18
478 3925 708 3941 ...........
734 3876 868 3956 eloquar
890 3895 1004 3943 nomen
1027 3895 1132 3943 meum

270 3978 439 4046 1111337
464 4032 713 4047 ............
737 3982 869 4050 noverit
890 4002 1006 4050 nomen
1030 4002 1131 4050 meum

271 4085 366 4152 Truc.
391 4088 451 4152 761
480 4138 687 4155 ..........
711 4088 787 4155 faxo
812 4089 876 4154 erit
903 4109 1019 4156 nomen
1042 4095 1130 4157 tuom
