3014 4642
639 229 861 296 ..62-

166 424 205 490 11
229 424 443 491 Ambrosiano
467 426 601 490 duorum
624 444 775 492 versuum
799 425 952 492 memoria
974 431 1126 494 servatur
1149 428 1245 510 (quoe
1269 446 1341 494 cur-

165 532 247 600 sivis
268 531 390 597 litteris
413 530 625 613 imprimenda
648 533 763 600 curavi
785 551 850 599 non
872 552 932 615 pro
957 540 1047 600 certo
1071 533 1254 619 leguntnrlz

263 638 817 720 nonenimpotiss.qu..st.sfo'erc'n
824 690 971 706 ..........
981 641 1084 722 qudo

264 747 1065 832 ettamenquaestusnonconsc'se...asumptussu
1074 799 1220 815 ..........

166 855 263 935 Apud
287 852 467 918 Charisinm
492 855 534 935 (p.
558 855 632 936 223,
657 855 698 917 22
722 853 814 936 Keil)
837 854 926 935 prior
949 873 1064 922 versus
1087 855 1221 938 legitur,
1245 874 1336 936 quem

165 960 311 1026 Palatini
335 979 406 1025 cum
429 959 535 1026 altero
558 960 593 1025 in
616 979 713 1026 unum
737 966 906 1026 consutum
929 964 1101 1042 praebent:

264 1067 336 1133 Non
359 1066 444 1133 enim
466 1071 543 1149 pote
567 1072 723 1148 quaestus
745 1067 826 1149 fieri,
848 1066 913 1133 uisi
932 1074 1078 1150 sumptus
1101 1069 1250 1149 sequitur
1272 1068 1338 1135 scio

164 1174 309 1241 Priorem
333 1173 438 1258 igitur
455 1193 583 1242 versum
607 1177 720 1242 eadem
742 1174 812 1240 fere
833 1176 944 1257 specie
963 1174 1131 1243 Charisius
1150 1181 1185 1243 et
1202 1177 1337 1243 Ambro-

165 1282 249 1348 siani
275 1283 418 1363 scriptor
443 1281 597 1365 legerunt
623 1300 684 1348 nec
711 1301 775 1348 non
802 1281 1010 1363 spondiacam
1033 1302 1147 1350 vocem
1174 1284 1339 1365 ‘sumptus’

166 1388 264 1455 tertio
287 1389 395 1454 atine
419 1391 502 1470 pede
524 1388 690 1455 inclusam.
727 1389 826 1455 Cuius
848 1388 997 1456 idoneam
1021 1390 1265 1457 excusationem
1288 1410 1338 1456 me

164 1516 228 1562 non
256 1494 371 1561 videre
398 1496 502 1561 libere
531 1495 695 1562 confiteor.
746 1496 827 1562 Nam
856 1497 942 1578 quod
969 1496 1122 1562 Klotzius
1150 1496 1271 1563 statuit
1297 1498 1338 1562 de

165 1602 327 1669 dissoluta
354 1603 421 1668 arsi
443 1602 476 1688 (l.
500 1621 525 1667 s.
548 1622 578 1683 p.
602 1603 681 1689 336)
709 1623 772 1669 non
795 1609 951 1684 quantum
978 1603 1044 1669 sibi
1066 1603 1202 1670 finxerit
1224 1604 1338 1669 valere

165 1729 265 1792 supro
292 1709 548 1791 explanavimus.
593 1709 734 1776 Videtur
761 1710 902 1791 pristina
925 1728 1040 1778 versus
1068 1709 1173 1777 forma
1200 1709 1337 1794 periisse

165 1823 200 1884 11
222 1817 433 1899 spondiacam
456 1816 543 1882 illud
561 1818 696 1884 verbum
714 1819 800 1883 male
824 1816 964 1899 positum
985 1818 1098 1884 deberi
1116 1817 1338 1885 retractatori.

253 2033 292 2099 In
316 2031 541 2113 exceptionum
565 2049 692 2111 quoque
714 2049 846 2096 numero
872 2031 1027 2097 habemus
1044 2031 1143 2098 Poen.
1164 2033 1260 2115 1420,
1283 2031 1335 2113 qui

163 2141 213 2206 ita
235 2139 371 2225 legitur:

261 2249 344 2314 Nam
362 2252 469 2313 tecum
488 2245 566 2312 mihi
589 2265 655 2312 una
672 2246 721 2312 ire
740 2250 904 2312 certumst.
931 2242 942 2331 11
968 2244 1036 2311 Vbi
1057 2244 1195 2327 primum
1213 2251 1337 2330 potero,

1262 2352 1338 2420 ilico

164 2463 203 2528 In
234 2459 414 2542 posteriore
441 2477 556 2526 versus
584 2464 679 2541 parte
707 2461 797 2526 codd.
825 2460 852 2525 P
879 2477 944 2525 non
972 2458 1174 2541 discrepant,
1201 2460 1336 2526 Ambro-

152 2570 275 2634 sianus
290 2565 409 2632 deficit.
434 2566 544 2649 Igitur
558 2567 767 2647 spondiacam
781 2564 816 2630 in
831 2565 1112 2648 antepaenultimo
1128 2566 1211 2648 pede
1225 2585 1336 2633 vocem

163 2673 308 2741 Palatini
327 2691 436 2738 omnes
456 2677 621 2738 testantur
639 2672 892 2754 consentientem
916 2692 1017 2753 quare
1035 2672 1103 2739 noli
1123 2673 1276 2740 dubitare
1296 2675 1336 2738 de

164 2781 290 2864 origine
319 2781 494 2848 verborum
525 2779 677 2864 genuine.
726 2780 809 2845 Nam
841 2780 935 2845 ‘ilico’
967 2779 1098 2863 saepius
1129 2780 1275 2846 occurrit
1303 2780 1337 2846 in

164 2907 314 2956 versuum
341 2886 446 2970 exitu,
472 2905 577 2968 neque
604 2886 669 2954 ‘ubi
696 2885 842 2968 primum’
871 2886 1014 2952 alienum
1041 2893 1093 2954 est
1120 2906 1141 2952 a
1167 2891 1336 2968 poetarum

164 2994 295 3061 dicendi
312 2994 553 3060 consuetudine.
581 2993 631 3060 Ac
649 2992 727 3059 mihi
744 2993 872 3073 quidem
892 2993 1068 3077 reputanti,
1088 3012 1173 3075 quae
1192 2994 1336 3060 disseru-

164 3103 246 3168 imus
270 3104 310 3167 de
334 3100 424 3167 exitu
446 3101 549 3166 ‘nullo
572 3105 670 3182 pacto
693 3101 825 3182 potest,
853 3100 941 3181 ‘quid
964 3100 1073 3166 multis
1097 3100 1209 3168 verbis
1233 3101 1336 3183 opust’

163 3209 339 3292 similibus,
369 3226 434 3274 non
466 3209 642 3274 absurdum
669 3206 802 3275 ridetur
828 3226 959 3273 monere
991 3209 1031 3272 de
1063 3212 1135 3273 arto
1163 3209 1336 3275 verborum

164 3335 289 3382 conexu
307 3314 371 3381 ‘ubi
388 3315 526 3396 primum
544 3314 677 3398 potero’,
696 3332 780 3395 quae
794 3333 853 3395 pro
867 3318 959 3380 certa
977 3314 1156 3394 stabilique
1169 3314 1336 3381 locutione

162 3423 242 3489 licet
271 3422 394 3488 baberi.
441 3424 536 3488 Adde
566 3423 653 3502 quod
680 3422 812 3503 ‘potero’
841 3426 875 3487 et
902 3420 1040 3487 elisione
1069 3421 1276 3489 decurtatum
1303 3427 1337 3487 et

164 3529 258 3611 quasi
280 3529 470 3595 encliticum
492 3527 666 3611 praeeunti
689 3527 764 3596 uoci
788 3527 939 3594 suffixum
962 3534 1026 3611 est,
1054 3533 1091 3594 nt
1113 3527 1259 3609 ‘primum
1281 3549 1337 3612 po-

163 3637 243 3704 tero’
266 3636 418 3703 Plautum
447 3635 637 3702 enuntiasse
662 3634 829 3718 opinemur
851 3637 911 3702 snb
935 3654 998 3701 uno
1022 3639 1160 3702 accentu
1184 3634 1337 3702 similiter

162 3749 262 3825 atque
285 3745 451 3824 ‘quantum
472 3744 598 3824 potest'.
623 3781 665 3790 -

252 3851 415 3932 Exempla
438 3868 521 3930 quae
544 3855 724 3930 sequnntur
747 3868 938 3930 quamquam
962 3849 1031 3933 legi
1054 3850 1200 3931 obstant,
1227 3855 1336 3915 tamen

162 3978 227 4024 non
254 3960 407 4026 vexando
437 3960 544 4036 erunt3
575 3957 638 4021 huc
668 3954 847 4022 referamus
876 3961 1007 4038 oportet
1037 3975 1117 4037 quos
1145 3956 1209 4022 iam
1238 3962 1337 4022 anteo

162 4064 331 4149 tetigimus
354 4083 469 4132 versus
493 4068 555 4145 (pp.
580 4065 632 4128 49.
657 4061 727 4147 50):
