3014 4642
641 252 860 316 ...33-

162 449 248 515 hanc
270 449 425 534 regulam,
449 448 504 515 nbi
527 448 726 530 spondiaoae
748 447 839 516 vocis
862 447 1070 516 offensionem
1095 450 1236 516 nondum
1255 448 1337 516 leni·

162 560 285 623 verunt
315 556 414 640 longo
447 556 622 637 vocabulo,
660 574 722 636 quo
756 554 868 621 ultimi
901 557 966 621 duo
997 557 1097 638 pedes
1129 539 1337 639 expleantur3

163 663 253 743 quod
275 661 404 729 minime
427 662 549 730 factum
574 681 644 728 esse
668 683 709 727 ex
731 659 934 729 numerorum
952 663 1082 730 rationo
1100 663 1246 730 dilucide
1265 682 1338 746 per·

163 769 327 852 spicimus.
373 769 514 837 Accedit
536 770 620 851 qnod
643 769 677 835 in
700 788 764 835 uuo
789 789 887 839 versu
910 771 1010 837 etiam
1032 777 1168 854 propter
1190 771 1336 837 codicum

163 878 363 960 scripturam
386 876 602 959 dissuadetur,
624 896 666 942 ne
691 878 773 943 duas
796 876 976 943 efficiamus
993 879 1111 944 breves
1130 879 1279 961 syllabas
1302 879 1338 943 in

164 986 235 1052 arsi
258 986 434 1066 spondeum
457 984 684 1066 praecedente,
707 1022 751 1031 —
774 984 847 1051 dico
872 985 964 1051 Cure.
979 987 1052 1067 649,
1075 984 1132 1051 ubi
1153 984 1235 1050 libri
1257 986 1339 1051 haec

165 1092 315 1159 madunt:
344 1093 352 1126 ‘
353 1142 448 1158 .....
476 1109 537 1157 neo
569 1091 678 1160 vivam
706 1111 768 1158 nec
796 1093 973 1176 mortuam’,
1005 1092 1156 1159 Klotzius
1188 1092 1338 1158 nimirum

165 1199 267 1266 scribi
285 1198 380 1266 iubet
397 1195 511 1280 ‘neque
530 1197 640 1265 vivam
659 1217 765 1280 neque
784 1200 961 1293 mortuam'.
985 1199 1022 1286 (l.
1037 1220 1062 1266 s.
1077 1220 1107 1282 p.
1122 1199 1211 1286 334).
1246 1198 1340 1265 Idem

166 1305 236 1373 fere
246 1306 338 1373 cadit
350 1305 385 1372 in
395 1305 487 1387 Capt.
498 1306 572 1387 929,
592 1305 650 1371 ubi
664 1305 793 1372 codices
806 1308 944 1372 tradunt
957 1307 1008 1372 ‘ad
1022 1307 1159 1389 portum’
1174 1304 1228 1392 (of.
1242 1325 1272 1387 p.
1283 1304 1339 1391 28)

167 1419 202 1480 et
224 1413 377 1479 Klotzius
401 1411 549 1494 praefelt
570 1414 667 1494 ‘apud
690 1414 828 1495 portum’
852 1412 907 1498 (cf.
927 1413 947 1480 l.
967 1435 991 1479 s.
1012 1433 1041 1495 p.
1060 1413 1147 1500 335).
1190 1414 1340 1480 Ceterum

166 1541 232 1589 non
254 1521 357 1586 habet
379 1519 637 1603 admirationem,
660 1520 695 1585 in
717 1520 759 1585 iis
781 1520 862 1586 locis
885 1521 940 1602 qui
963 1522 1067 1587 verba
1085 1521 1228 1603 spondeo
1246 1519 1341 1586 linita

166 1629 202 1695 in
225 1627 326 1694 tertio
350 1647 371 1694 a
393 1628 457 1695 fine
480 1628 563 1710 pede
585 1629 757 1711 praebent,
780 1630 891 1710 plures
915 1627 1026 1694 offerri
1050 1629 1227 1695 dissolutas
1250 1646 1341 1693 arses

168 1755 266 1818 quam
301 1735 358 1801 nbi
394 1735 576 1818 spondiaoa
612 1740 739 1800 tantum
775 1738 878 1803 verba
910 1737 971 1802 hoo
1001 1738 1085 1819 pede
1116 1735 1341 1816 includuntur;

168 1862 265 1925 quam
287 1861 355 1909 rem
378 1841 477 1908 facile
496 1843 701 1923 explicamus
725 1861 766 1908 ex
788 1846 907 1921 natura
926 1843 1084 1909 eiusmodi
1102 1845 1342 1912 vocabulorum.

168 1951 324 2017 Videmus
347 1948 432 2015 enim
453 1954 567 2030 poetas
586 1951 690 2016 verba
708 1949 819 2030 qualia
841 1950 1029 2035 crucianti,
1052 1969 1186 2032 qnorum
1204 1968 1342 2035 magnus

167 2076 321 2124 numerus
344 2061 464 2139 exstat,
486 2075 552 2122 non
574 2056 718 2138 potuisse
742 2075 900 2139 usurpare
923 2057 987 2123 nisi
1007 2057 1171 2125 dissoluta
1189 2057 1266 2124 arsi.
1302 2057 1342 2124 In

168 2164 295 2231 talibus
317 2163 422 2248 igitur
441 2163 610 2229 vocabulis
627 2163 698 2230 iure
716 2183 930 2249 agnoscemus
949 2165 1179 2231 necessitatem
1197 2164 1342 2246 aliquam
1418 2196 1425 2209 s

168 2272 337 2338 sermonis.

259 2376 401 2444 Similem
434 2377 687 2460 explicationem
723 2385 862 2460 poscunt
898 2379 1026 2460 reliqua
1062 2381 1226 2463 exempla,
1259 2398 1343 2461 quae

169 2485 365 2570 spondiacus
388 2503 499 2568 voces,
526 2505 592 2551 non
615 2485 737 2552 exitum
761 2487 935 2553 verborum
958 2486 1168 2569 spondiacum
1190 2487 1344 2569 suppedi-

170 2599 252 2661 tant.
297 2594 337 2659 In
361 2591 478 2674 quibus
501 2592 747 2660 dissolutionem
775 2593 858 2659 arsis
881 2599 1084 2676 procreatam
1108 2613 1179 2661 esse
1207 2613 1248 2660 ex
1271 2613 1344 2660 oae-

170 2720 267 2768 surae
299 2699 542 2767 condicionibus
574 2719 639 2766 non
671 2701 825 2784 negabis,
857 2701 885 2767 si
915 2721 1023 2768 omnes
1052 2720 1168 2769 versus
1198 2701 1254 2782 qni
1281 2701 1345 2767 hue

170 2807 339 2891 pertinent
352 2807 537 2873 accuratius
552 2806 742 2888 inspexeris.
780 2807 909 2888 Ubique
929 2808 1014 2874 enim
1032 2807 1147 2875 incisio
1166 2808 1205 2874 fit
1218 2808 1345 2874 duabus

170 2914 271 2983 moris
299 2920 376 2981 ante
404 2914 496 2980 illum
524 2913 637 2997 locum,
664 2913 713 2980 ita
736 2927 774 2979 ut
796 2919 872 2997 post
900 2934 1068 2981 caesuram
1095 2914 1265 3000 flagitetur
1287 2921 1346 2980 aut

171 3022 428 3106 monosyllabum
469 3021 660 3104 productum
703 3027 763 3087 ant
798 3021 965 3106 bisyllaba
1002 3043 1066 3091 vox
1102 3023 1344 3106 pyrrhichiaca.

171 3129 285 3211 Neque
308 3134 432 3212 poetas,
456 3128 573 3210 quibus
596 3134 770 3210 utrumque
793 3131 966 3197 verborum
989 3149 1093 3215 genus
1116 3131 1249 3198 variare
1272 3128 1345 3195 lici-

171 3243 241 3302 tum
264 3235 340 3319 fuit,
367 3235 615 3320 pyrrhichiacas
637 3236 770 3305 voculas
799 3239 870 3304 ullo
893 3239 987 3305 modo
1015 3238 1215 3320 praetulisse
1238 3255 1345 3304 mono·

172 3344 320 3428 syllabis,
344 3343 603 3410 luculentissime
626 3349 720 3425 patet
741 3363 782 3410 ex
806 3364 1009 3412 numerorum
1030 3364 1126 3426 quam
1149 3364 1249 3427 supra
1272 3344 1347 3412 effe-

172 3451 276 3518 cimus
298 3449 438 3534 ratione,
461 3449 561 3515 -id
585 3451 671 3531 quod
698 3451 786 3517 haud
814 3452 910 3534 parvi
937 3451 1090 3518 momenti
1112 3442 1191 3518 milri
1214 3451 1347 3521 videtur

173 3559 217 3624 ad
246 3557 405 3625 iudicium
438 3559 478 3623 de
508 3557 631 3624 Klotzii
662 3558 828 3625 sententia
859 3557 1037 3625 ferendum.
1092 3557 1217 3642 Quibus
1249 3561 1347 3625 rebus

173 3664 315 3748 cognitis
337 3666 399 3731 hoc
421 3666 516 3732 modo
538 3664 747 3731 iudicandum
773 3666 850 3731 erit:
877 3666 1015 3733 Plautus
1039 3665 1203 3746 ceterique
1230 3670 1347 3748 poetae

171 3790 239 3839 non
258 3772 406 3839 consulto
425 3772 532 3853 arsim,
555 3791 638 3853 quae
656 3772 827 3839 antecedit
843 3774 1029 3855 spondeum,
1053 3772 1288 3856 dissolverunt,
1311 3778 1349 3838 ut

173 3877 425 3961 spondiacarum
455 3897 569 3947 vocum
600 3879 801 3962 gravitatem
831 3880 989 3947 levarent.
1045 3877 1150 3962 Quam
1181 3880 1349 3946 licentiam

174 3987 262 4068 quod
285 3984 415 4053 omnino
438 3984 632 4067 aliquotiens
655 3985 718 4053 sibi
740 3992 959 4070 sumpserunt,
990 3988 1121 4069 plenam
1149 3986 1350 4054 nanciscitur

175 4093 430 4176 explicationem
454 4111 494 4158 ex
516 4093 648 4177 linguae
672 4093 832 4174 matrique
856 4092 1107 4160 condicionibus.

1190 4200 1206 4252 a
