3014 4642
637 248 859 321 ..49⁸

159 449 218 518 nbi
232 450 274 516 de
289 448 455 533 scriptura
470 469 535 517 non
554 455 697 532 constat3
717 449 817 516 aliter
829 449 1072 533 Fleckeisenus
1093 449 1194 517 aliter
1207 448 1342 516 Brixius

163 557 274 643 (Oapt.
298 557 387 643 534).
431 557 544 639 Neque
566 557 670 642 magis
693 561 823 624 constat

262 664 359 732 Truc.
381 665 446 730 447
471 663 576 748 Quam
597 664 743 730 mihimet
766 665 874 730 omnib
897 663 953 745 qui
976 663 1057 730 mihi
1079 663 1165 731 facio
1188 665 1277 730 mala

163 769 231 838 Sed
244 770 494 838 Fleckeisenum
514 775 648 838 secutus
660 771 729 838 Leo
749 773 853 839 verba
871 770 1007 838 traiecit
1023 771 1087 836 hoc
1104 773 1215 838 modo:
1229 769 1343 853 ‘Quam

161 877 252 962 mihi,
274 878 332 960 qui
352 878 499 944 mihimet
521 876 628 946 omnib
649 877 738 945 facio
762 878 859 944 mala’
1328 885 1332 892 '

252 985 403 1068 Denique
421 990 594 1069 corruptus
614 986 695 1052 Hoc.
714 987 789 1053 367.
826 985 893 1053 Sed
910 987 992 1053 Hec.
1007 988 1071 1052 867
1091 985 1207 1053 ‘omnia
1224 986 1344 1053 omnes’

164 1093 304 1160 tolerari
318 1099 436 1177 potest,
455 1111 646 1174 quamquam
662 1092 695 1158 O.
709 1093 747 1159 F.
763 1093 814 1160 W.
828 1094 1013 1160 Muellerus
1026 1094 1232 1176 transposuit
1249 1095 1344 1175 ‘pros

162 1199 221 1267 Pl.’
245 1219 276 1283 p.
298 1201 373 1267 433.

252 1306 345 1374 Η666
366 1312 445 1373 sunt
465 1307 583 1389 quibus
602 1306 743 1390 priorem
764 1307 855 1375 vocis
876 1307 1000 1374 ‘omnis'
1021 1306 1183 1391 syllabam
1204 1306 1238 1372 in
1259 1306 1343 1372 irra-

162 1413 347 1480 tionalibus
374 1431 458 1495 quae
481 1416 694 1496 appellantur
721 1413 846 1496 priscos
869 1419 986 1497 poetas
1008 1415 1165 1481 habuisse
1188 1413 1343 1479 Klotzius

163 1518 349 1587 confirmari
375 1521 491 1587 ducat:
518 1520 610 1587 cuius
638 1523 680 1587 ad
707 1520 903 1587 sententiam
929 1521 1040 1588 nescio
1068 1540 1111 1587 an
1139 1539 1232 1587 nemo
1255 1519 1344 1601 quis·

164 1645 262 1708 quam
284 1645 476 1694 accessurus
499 1626 551 1693 sit.
597 1627 696 1694 Immo
719 1646 800 1695 vero
824 1646 951 1710 semper
973 1629 1163 1710 productam
1187 1627 1344 1693 Plautum

163 1732 306 1800 sensisse
333 1733 418 1800 hauc
445 1735 611 1816 syllabam
640 1733 811 1800 evidenter
838 1753 880 1800 ex
907 1754 946 1802 eo
970 1734 1118 1819 apparet,
1145 1735 1232 1815 quod
1254 1733 1343 1800 baud

164 1859 242 1906 raro
265 1839 299 1905 in
319 1839 521 1921 paenultima
544 1842 628 1922 pede
651 1841 712 1906 hoc
732 1842 927 1908 vocabulum
950 1840 1109 1924 adhibuit,
1133 1840 1233 1905 —id
1257 1841 1343 1922 quod

163 1946 216 2013 his
239 1947 392 2014 versibus
415 1946 619 2014 illustratur:

264 2054 381 2136 Amph.
401 2054 466 2120 473
482 2105 600 2121 ......
614 2053 719 2138 igitur
741 2055 869 2121 demum
893 2073 1002 2121 omnes
1025 2053 1131 2120 scient

267 2160 468 2227 Bacchidi
490 2212 631 2228 .......
644 2160 709 2244 ipsi
731 2160 765 2227 in
788 2179 861 2227 sese
884 2161 988 2228 omnis
1006 2160 1131 2227 habent

265 2265 346 2333 ibid.
370 2268 435 2333 895
450 2318 568 2336 ......
584 2268 744 2334 Saturnus
767 2267 864 2349 dique
888 2285 997 2333 omues
1021 2272 1131 2333 ament

266 2373 358 2457 (lapt.
382 2375 475 2441 477.
492 2426 611 2442 ......
627 2374 767 2458 faciunt:
791 2392 862 2441 sese
886 2393 996 2441 omnes
1019 2378 1132 2441 amant

266 2480 358 2548 (iuro.
382 2481 446 2547 238
467 2532 743 2548 .............
761 2480 854 2547 hirae
883 2499 993 2547 omnes
1015 2483 1132 2549 dolent

265 2586 336 2652 Mil.
360 2588 423 2653 501
447 2638 655 2655 ..........
671 2587 705 2653 di
728 2589 873 2669 deaeque
897 2588 998 2655 omnis
1021 2594 1132 2655 ament

265 2693 363 2761 Most.
387 2696 451 2761 655
472 2745 655 2761 .........
675 2694 708 2761 61
738 2696 883 2775 deaeque
906 2713 1017 2762 omnes
1039 2695 1134 2761 duint

267 2801 367 2868 Poen.
386 2801 452 2868 553
471 2852 589 2869 ......
608 2820 742 2885 omnem,
765 2801 884 2884 quippe
908 2820 1016 2868 omnes
1039 2801 1133 2867 simul

268 2906 358 2974 'irim
382 2909 446 2974 667
467 2959 652 2976 .........
671 2909 790 2975 amoris
812 2913 910 2975 teneo
934 2907 1036 2976 omnis
1059 2907 1131 2977 vias

257 3014 307 3079 Ac
329 3032 371 3080 ne
398 3013 432 3080 in
460 3014 531 3081 illis
558 3015 686 3097 quidem
715 3015 865 3084 versibus
893 3013 949 3097 qui
976 3018 1156 3096 sequuntur
1182 3013 1346 3082 offendere

164 3121 260 3204 licet,
284 3119 361 3202 quia
383 3120 455 3188 ‘res’
478 3121 663 3188 encliticam
688 3123 850 3189 adhaeret
871 3122 1033 3190 vocabulo
1056 3121 1191 3189 ‘omnis’:

268 3225 331 3293 Ad.
346 3228 411 3294 364
434 3277 550 3294 ......
554 3287 557 3292 .
565 3278 682 3295 ......
698 3227 831 3295 Omnem
854 3248 923 3295 rem
944 3230 1039 3297 modo
1062 3229 1133 3295 seni

269 3334 341 3402 (las.
365 3336 430 3400 506
458 3333 609 3418 Quinque
631 3336 717 3402 hauc
739 3355 863 3403 onmem
885 3355 952 3402 rem

269 3442 348 3508 Hea
371 3442 435 3508 738
459 3441 530 3526 Quo
555 3442 659 3526 magis
682 3442 785 3509 omnis
808 3462 862 3509 res
885 3443 1012 3509 cautius

268 3548 348 3615 Hec.
373 3549 649 3615 194=Lucilius
674 3550 738 3615 593
760 3546 944 3617 Baehrens:
967 3550 1081 3617 Habes
1104 3567 1225 3615 omnem
1248 3567 1317 3616 rem

259 3653 368 3720 Extra
387 3660 496 3722 autem
514 3654 661 3739 regulam
679 3656 809 3722 ‘omncs’
828 3656 1028 3739 conspicitur
1048 3655 1083 3722 in
1103 3658 1245 3723 secundo
1264 3659 1348 3740 pede

163 3760 303 3828 iambici
326 3761 505 3843 septenarii
528 3760 562 3826 iu
586 3763 678 3828 codd.
701 3763 859 3845 corrupti:

269 3867 366 3933 Most
391 3869 453 3934 171
478 3868 526 3934 Vt
548 3868 658 3950 lepide
681 3888 791 3935 omncs
813 3869 952 3957 <mo>res
974 3875 1068 3937 tenet

167 3973 270 4041 Cuius
279 3992 397 4041 versus
409 3993 559 4042 numeros
573 3994 637 4041 non
651 3976 870 4057 reprehendes
885 3977 1065 4061 respiciens
1078 3978 1166 4044 hunc
1174 3976 1347 4044 iambicum

167 4080 385 4164 octonarium,
405 4081 461 4162 qui
480 4080 688 4164 illegitimum
711 4085 886 4163 spondeum
904 4084 939 4150 iu
961 4086 1073 4150 eadem
1094 4086 1171 4150 sede
1191 4083 1347 4150 ostendit:

1183 4191 1200 4242 4
