3014 4642
756 242 979 304 ..22-

310 497 312 502 .
366 438 620 504 Rornanorum
649 440 805 504 uetares
834 441 989 519 poetae,
1019 436 1086 503 ubi
1115 456 1188 503 non
1219 437 1456 521 deiugerunt

278 542 512 626 spondiaoas
535 561 650 610 voces
673 544 739 610 vel
767 543 936 625 spondeo
960 541 1102 609 finitas
1124 543 1164 609 in
1187 545 1309 610 tertio
1332 542 1455 609 11111

277 651 375 733 pede
404 650 664 732 usurpandas,
696 667 826 715 earum
856 649 1111 731 asperitatem
1142 650 1292 717 molliri
1323 653 1456 717 volue-

278 761 370 824 runt
393 757 539 823 ictuum
564 753 824 840 congruentia
848 772 956 837 quam
980 757 1264 837 quaesiverunt
1287 757 1326 823 in
1348 757 1456 839 pedi-

278 865 348 931 bus
378 863 443 945 qui
474 868 701 944 sequuntur:
736 881 809 944 qua
839 865 883 929 do
914 881 1032 930 causa
1062 863 1312 946 spondiacum
1341 883 1455 932 voca·

279 971 407 1038 bulum
439 970 622 1052 excipere
655 970 769 1036 soliti
800 975 890 1036 sunt
919 989 991 1036 uno
1022 970 1142 1039 verbo
1173 970 1333 1038 ultimos
1364 972 1457 1037 duos

279 1080 396 1160 pedes
420 1071 608 1159 amplexo

367 1184 513 1252 Eandem
529 1201 655 1264 quoque
670 1188 781 1250 111111
795 1202 929 1250 normae
943 1183 1162 1251 constantiam
1177 1185 1325 1253 videmus
1342 1191 1457 1266 poetas

280 1296 409 1359 secutos
432 1310 514 1375 esse,
536 1290 593 1357 ubi
611 1289 734 1357 formae
753 1289 848 1358 vorbi
871 1292 961 1357 ‘esse’
984 1290 1185 1372 aliorumque
1205 1293 1376 1359 verborum
1400 1291 1456 1357 oli·

280 1399 383 1466 sionis
413 1402 447 1464 11
476 1397 609 1464 enclisis
639 1397 673 1465 vi
706 1416 776 1463 cum
808 1396 986 1479 spondiaco
1017 1416 1099 1466 voce
1132 1400 1331 1465 coaluerunt.
1385 1399 1457 1464 Non

280 1506 400 1573 desunt
420 1504 550 1588 quidem
574 1504 630 1586 qui
651 1504 869 1584 obloquantur
887 1505 1011 1586 hosque
1034 1504 1124 1572 locos
1143 1505 1271 1572 minime
1295 1524 1365 1571 oum
1388 1505 1457 1571 illis

280 1597 352 1680 esse
367 1613 600 1695 comparandos
615 1617 778 1678 censeant
803 1610 946 1694 Quorum
960 1610 995 1677 in
1009 1629 1141 1678 numero
1156 1612 1281 1695 primus
1294 1612 1458 1695 Klotzius,

281 1719 309 1785 si
332 1721 420 1786 tales
444 1718 546 1785 elisae
564 1720 703 1786 voculae
722 1718 866 1800 spondeo
889 1717 1041 1785 adiectae
1060 1724 1178 1802 essent,
1201 1718 1329 1786 omnino
1354 1719 1458 1786 dilabi

281 1845 404 1893 omnem
427 1824 634 1892 offensionem
657 1824 863 1893 existimavit
885 1824 940 1911 (ci.
957 1825 1090 1910 Grdzge
1108 1827 1184 1892 altr.
1199 1827 1294 1892 Metr.
1313 1846 1365 1909 pp.
1381 1829 1455 1893 323.

282 1933 379 2019 324),
405 1951 475 1999 cum
499 1932 548 1997 ita
572 1951 614 1998 ex
636 1931 795 1998 interiore
818 1932 905 1998 thesi
928 1932 1155 2014 depelleretur
1177 1932 1272 2000 verbi
1296 1939 1458 2001 accentus.

280 2040 346 2107 Ille
368 2045 478 2107 autern
500 2038 632 2123 singula
655 2037 803 2120 exempla
824 2057 888 2105 non
908 2037 1065 2120 disposite
1087 2039 1238 2123 secernit,
1261 2059 1345 2122 quae
1368 2039 1459 2106 colli·

281 2153 402 2232 gantur
425 2151 556 2229 oportet
579 2165 620 2212 en
643 2144 784 2214 diversis
807 2144 1019 2212 interioribus
1043 2145 1133 2229 locis,
1159 2149 1218 2213 scd
1241 2147 1350 2213 omnia
1373 2166 1459 2214 sum·

281 2253 393 2322 matim
416 2253 535 2337 tangit.
581 2252 650 2336 Quo
674 2250 797 2319 factum
821 2257 886 2337 est,
914 2258 952 2320 ut
977 2272 1048 2320 eum
1072 2255 1172 2335 plano
1195 2253 1347 2339 effugisse
1369 2253 1459 2322 vide·

282 2367 359 2427 atur
382 2360 480 2427 etiarn
502 2359 537 2425 in
560 2359 610 2441 iis,
633 2378 719 2442 quae
737 2361 920 2443 spondiaco
941 2360 1044 2428 verba
1066 2361 1100 2426 in
1124 2361 1223 2428 tertio
1247 2380 1268 2428 a
1289 2360 1354 2428 fine
1376 2363 1459 2443 pade

283 2487 355 2534 cum
379 2467 469 2533 elisis
492 2464 621 2535 voculis
644 2466 818 2532 coniuncta
842 2466 1012 2550 exhibent,
1034 2468 1190 2533 Plautum
1214 2472 1248 2533 11
1271 2467 1459 2534 Terentium

281 2574 398 2659 regula
424 2573 602 2657 diligenter
630 2574 809 2641 observata
836 2592 952 2640 versus
985 2573 1178 2640 terminasse
1207 2575 1366 2642 vocabulo
1397 2595 1459 2657 quo

282 2681 389 2748 ultimi
411 2682 475 2746 duo
493 2682 593 2762 pedes
612 2678 816 2761 expleantur.
854 2679 952 2747 (iuius
972 2680 1102 2764 generis
1121 2683 1269 2764 exempla
1290 2700 1459 2763 compares

282 2788 379 2857 velim
404 2807 473 2854 oum
493 2787 575 2870 11111,
597 2804 680 2868 quae
704 2805 803 2869 supra
826 2786 981 2854 dedimus.
1019 2787 1131 2870 Atque
1152 2788 1235 2854 haec
1259 2788 1387 2870 quidem
1411 2788 1460 2854 in·

283 2895 398 2963 venire
420 2894 498 2962 mihi
522 2893 675 2978 contigit:

392 3005 419 3070 1.
444 3003 483 3068 In
506 3007 624 3084 quarto
648 2999 772 3068 senarii
794 3001 878 3082 pede

497 3128 525 3174 1.
549 3109 637 3191 apud
662 3108 831 3174 Plautum:

285 3219 359 3284 159.
381 3217 497 3298 Amph.
519 3218 583 3281 loo
607 3265 814 3282 ..........
833 3214 1035 3296 praefectust
1057 3215 1245 3299 legionibus

286 3325 359 3390 160.
383 3324 453 3390 Cas.
478 3325 542 3388 328
567 3374 573 3386 .
589 3371 931 3388 ................
955 3319 1102 3389 ddiosast
1127 3321 1246 3389 amatio

286 3433 358 3497 161.
381 3432 481 3497 Ρ111.
505 3430 569 3495 633
595 3479 781 3494 .........
805 3429 1038 3495 tandundemst
1064 3428 1247 3511 periculum

287 3538 358 3604 162.
380 3535 542 3602 11111643
568 3588 619 3615 ..,
634 3585 798 3602 ........
817 3533 867 3600 1111
890 3540 1037 3601 vostrast
1060 3536 1247 3620 benignitas

287 3644 359 3711 163.
382 3643 460 3709 ibid.
479 3644 544 3709 959
570 3693 799 3708 ...........
819 3646 1036 3709 monstratust
1058 3642 1247 3726 regionibns

498 3751 527 3815 b.
551 3751 638 3832 apud
662 3747 864 3816 Terentium:

288 3859 359 3924 164.
383 3858 512 3924 Phorm.
537 3859 598 3924 711
625 3854 782 3944 ...†...
806 3875 890 3938 qnae
914 3862 1045 3927 oausast
1067 3856 1248 3924 iustissima

500 3984 525 4030 c.
550 3965 637 4047 apud
661 3968 788 4030 ceteros
811 3968 940 4047 poetas:

288 4073 361 4143 165.
385 4069 790 4156 damnatupaaau..
806 4124 812 4141 .
827 4070 882 4140 hio
892 4090 1015 4140 summa
1025 4075 1077 4140 est
1085 4069 1247 4139 severitas
