3014 4642
673 231 895 297 ..pa-

295 427 366 494 Cos.
385 428 451 492 422
546 432 585 493 ut
604 431 787 509 properent.
813 425 825 514 ll
850 426 1013 509 Numquid
1031 426 1159 495 moror?

293 533 389 616 Epio.
409 535 473 600 692
498 584 638 602 .......
662 537 696 600 te
715 532 870 616 rogitare.
896 532 908 621 ll
933 535 980 600 At
997 532 1046 600 nil
1066 534 1158 602 scies.

292 641 397 708 Andr.
411 643 476 707 496
496 659 640 708 ...num
660 639 818 709 veritn’s?
842 642 922 722 quid
940 660 977 707 re
996 640 1097 708 tulit?
1121 641 1231 724 (iamb.
1250 639 1374 726 erton.)

197 749 271 814 Hor
294 753 449 830 spectant
469 747 616 816 nonnulli
638 766 764 830 versus,
787 748 828 814 de
851 748 969 828 quibus
992 747 1080 814 inira
1101 752 1231 832 agetur:

294 855 386 937 Capi.
405 857 468 921 881
489 905 608 920 ......
628 854 809 937 surripuit?
834 852 846 941 ll
871 855 938 919 Ναὶ
960 855 1014 919 τὰν
1037 855 1156 938 Κόραν.

293 963 378 1028 lien.
402 963 467 1028 516
497 1012 660 1029 ........
684 961 844 1044 surrupui.
868 961 956 1028 satin
979 980 1078 1028 sanus
1102 960 1159 1028 es?

297 1067 387 1135 'Prin
410 1069 474 1134 583
600 1067 783 1136 conveniat.
809 1066 821 1154 ll
847 1067 933 1152 Quin
956 1074 993 1134 tu
1021 1067 1033 1134 i
1055 1069 1157 1136 modo.

198 1179 227 1241 4.
255 1173 347 1259 Quae
369 1194 455 1241 nune
483 1173 656 1241 afferamus
684 1176 837 1258 exempla
864 1175 1017 1242 similiter
1043 1176 1094 1241 ita
1122 1195 1157 1241 se
1184 1176 1308 1242 babent
1335 1181 1374 1242 ut

198 1287 413 1364 anapaestum
442 1282 608 1365 excipiant
636 1282 799 1350 voeabula
831 1301 904 1349 oum
934 1282 1122 1364 pronomine
1152 1283 1268 1365 quovis
1298 1289 1373 1349 arte

197 1389 361 1471 copulata3
389 1389 423 1455 in
445 1389 496 1455 his
519 1388 622 1473 igitur
648 1388 733 1455 idam
756 1390 848 1456 valet
875 1391 961 1471 quod
984 1391 1025 1456 de
1049 1389 1235 1472 spondiaeis
1258 1390 1372 1458 verbis

196 1495 414 1563 iudicavimus
433 1515 463 1577 p.
477 1497 520 1560 43
531 1514 612 1576 sqq.:
636 1495 837 1577 pronominis
857 1495 942 1562 enim
960 1495 1176 1563 inclinatione
1196 1496 1289 1577 qnasi
1306 1515 1373 1563 una

197 1622 262 1670 vox
289 1601 433 1669 efficitur
460 1602 592 1669 ultimos
620 1604 701 1668 dnos
728 1604 829 1684 pedes
856 1601 1015 1684 amplexa.
1060 1604 1178 1685 Itaque
1200 1603 1372 1685 anapaesti

198 1708 331 1776 offensio
355 1708 451 1791 plane
475 1708 636 1775 dilabitur
657 1709 692 1775 in
714 1708 804 1779 hisne
826 1709 990 1777 versibus:

294 1817 394 1883 Mero.
417 1818 481 1882 795
506 1866 736 1883 ...........
759 1816 824 1882 iam
848 1815 951 1882 rediit
978 1834 1060 1882 uxor
1086 1834 1159 1883 mea

294 1923 385 1989 Pers.
404 1924 469 1988 579
493 1972 747 1989 ............
766 1921 945 1990 vendidero
968 1922 1076 2004 pretio
1099 1940 1157 1988 suo

295 2030 368 2097 Aul.
391 2031 457 2095 464
481 2078 667 2095 .........
695 2028 906 2110 subriperent
934 2028 1050 2094 misero
1077 2029 1158 2094 milri

295 2137 384 2203 'lrim
407 2137 472 2202 818
496 2185 747 2203 ............
771 2142 900 2219 egomet
926 2134 1057 2201 memini
1079 2135 1158 2201 mibi

294 2245 391 2310 Truo.
411 2245 474 2309 431
501 2293 728 2310 ...........
751 2243 922 2325 paeniteat
945 2241 1057 2309 mittar
1079 2241 1158 2307 mihi

293 2350 394 2417 Stich.
416 2352 480 2417 262
505 2348 597 2435 (263)
620 2400 716 2417 .....
740 2351 833 2416 Haee
855 2351 968 2416 eadem
993 2348 1074 2415 dicit
1096 2348 1159 2416 tibi

197 2457 340 2542 Quorum
378 2458 421 2523 ad
450 2455 693 2523 similitudinem
733 2455 929 2539 compositus
964 2461 1016 2522 est
1044 2455 1173 2538 spurius
1203 2455 1369 2523 Rudentis

198 2584 228 2632 v.
252 2566 292 2630 27
318 2567 355 2628 ‘..
379 2563 527 2631 inveniet
549 2563 679 2630 veniam
703 2563 784 2630 sibi’.
1304 2566 1307 2572 '

198 2671 299 2737 Porro
332 2673 392 2738 sub
425 2671 560 2737 eandem
587 2668 657 2736 fere
692 2672 841 2755 regulam
873 2669 1053 2754 redigenda
1081 2669 1238 2737 videntur
1268 2689 1373 2753 paura

197 2778 346 2860 exempla
369 2795 451 2859 quae
472 2777 522 2844 ita
545 2776 695 2861 legimus:

293 2886 378 2952 Men.
400 2886 465 2951 878
488 2935 673 2952 .........
697 2903 792 2966 quam
815 2883 924 2950 valuit
945 2885 1044 2965 paulo
1067 2883 1158 2965 prius

197 2990 251 3076 (of.
274 2992 359 3059 Men.
383 2994 445 3058 681
545 2995 583 3058 ut
605 2990 719 3074 ferres,
742 2992 842 3073 paulo
860 2989 969 3076 prius)

293 3099 384 3165 Pers.
408 3101 472 3165 639
596 3104 696 3178 atque
720 3097 869 3179 equidem
892 3097 1025 3164 miseret
1047 3102 1158 3164 tamen

294 3205 391 3272 Poen.
413 3206 453 3269 51
474 3254 684 3272 ..........
707 3204 758 3269 sin
782 3204 897 3288 odiost
921 3204 1026 3269 diram
1048 3208 1157 3269 tamen

294 3311 420 3378 Ennius
438 3332 468 3393 p.
489 3313 561 3394 154,
581 3312 644 3377 207
664 3310 761 3377 Vahl.
781 3340 822 3368 =
842 3311 940 3394 Trag.
960 3309 999 3376 R.
1018 3308 1057 3375 fr.
1081 3311 1157 3376 175:

356 3419 446 3502 Quae
459 3417 523 3485 tibi
536 3417 571 3483 in
585 3419 744 3484 eonoubio
758 3419 943 3486 verecunde
962 3420 997 3483 et
1010 3415 1134 3483 modice
1148 3434 1270 3482 morem
1283 3416 1373 3500 gerit
1486 3436 1489 3461 ·

197 3525 321 3610 Quibus
343 3525 534 3592 dubitanter
557 3524 684 3606 quidem
708 3525 767 3591 hos
791 3522 966 3591 adiecerim
989 3542 1115 3591 versus:

295 3633 389 3698 Truo.
408 3634 473 3697 429
497 3682 705 3699 ..........
728 3630 889 3715 attulerit
913 3629 989 3697 boni
1008 3630 1158 3697 consulas

294 3740 373 3806 ibid.
398 3740 461 3805 286
486 3789 650 3806 ........
673 3737 708 3805 ni
730 3755 890 3820 properas
912 3736 1031 3822 grandi
1053 3737 1158 3821 gradu

278 3847 362 3912 ¹Mil.
386 3848 427 3913 31
458 3896 666 3914 ..........
691 3844 972 3927 operaepretium
996 3844 1159 3925 quidemst

198 3953 232 4019 in
258 3953 320 4019 hoc
347 3972 445 4022 versu
470 3956 601 4035 ‘operae
629 3952 769 4035 pretinm
797 3951 966 4033 quidemst’
996 3969 1060 4017 non
1087 3950 1192 4016 minus
1217 3955 1289 4016 arte
1317 3969 1372 4016 oo·
1488 3934 1490 3941 ’

198 4062 313 4127 haeret
329 4079 426 4141 quam
446 4061 532 4141 ‘quid
552 4060 660 4127 multis
679 4059 790 4128 verbis
810 4058 937 4140 opustP'
961 4057 995 4124 in
1013 4058 1100 4123 Men.
1120 4076 1151 4126 v.
1170 4059 1243 4122 484.
1276 4057 1373 4124 Gete-
1488 4108 1490 4147 =
