3014 4642
637 223 858 287 -27-

161 421 212 484 16.
236 418 315 485 ibid.
342 419 426 484 1143
451 469 613 485 ........
637 423 714 484 sunt
740 417 828 486 inber
855 417 912 484 se?
957 416 1019 484 Dic
1043 415 1122 484 mihi

162 527 212 591 17.
236 525 333 591 Truc.
357 527 422 591 334
450 575 702 592 ............
729 543 859 606 passum
882 525 1013 607 peperit
1035 542 1123 590 mere

375 633 404 697 b.
427 634 515 714 apud
538 631 740 699 Terentium:

163 741 213 806 18.
236 739 338 806 Andr.
363 740 425 804 221
452 790 660 807 ..........
683 739 748 806 fuit
770 739 847 806 olim
871 738 999 821 quidam
1024 758 1125 805 senex

163 848 214 912 19.
237 847 353 914 Η9911.
375 847 440 912 472
467 898 584 913 ......
652 845 751 932 agere
773 847 861 913 inter
883 866 918 912 se
943 846 1124 913 clanculum

109 991 111 994 >
161 957 213 1021 20.
238 953 315 1021 ibid.
331 956 395 1020 810
420 1008 426 1020 .
442 1008 448 1020 .
464 1007 471 1021 .
496 954 529 1020 di
549 956 693 1036 deaeque
708 973 817 1022 omnes
833 960 1029 1037 quantumst,
1042 953 1126 1037 Syre

162 1064 214 1128 21.
237 1061 319 1128 Eun.
344 1063 409 1128 872
434 1112 578 1127 .......
602 1066 768 1128 aeternam
790 1061 879 1127 inter
901 1079 961 1127 nos
984 1060 1124 1145 gratiam

162 1171 213 1232 22.
238 1169 365 1235 Pharm.
387 1170 449 1234 911
476 1221 594 1236 ......
618 1166 743 1251 pbpbli,
766 1168 881 1252 inquit,
905 1168 934 1234 si
952 1168 985 1234 id
1005 1167 1125 1234 feceris

163 1278 215 1342 23.
238 1274 316 1341 ibid.
341 1278 404 1342 927
430 1326 685 1343 ............
709 1296 760 1342 me
783 1280 918 1358 propter
936 1295 995 1344 vos
1019 1274 1125 1357 decipi

163 1385 215 1450 24.
238 1382 316 1449 ibid.
340 1385 404 1450 985
429 1435 683 1450 ............
708 1381 792 1450 enim
812 1402 890 1451 vero
909 1388 1022 1450 vocest
1045 1401 1125 1464 opus

163 1491 215 1555 25.
238 1489 317 1556 Η99.
341 1491 405 1556 487
431 1541 615 1558 .........
640 1492 726 1572 quud
744 1492 867 1559 vellem
886 1489 1036 1557 meritam
1055 1489 1124 1556 scia

163 1598 215 1663 26.
238 1597 301 1662 Ad.
325 1599 389 1663 364
517 1597 612 1665 velle.
652 1594 664 1685 ll
691 1597 824 1664 Omnem
848 1615 915 1663 rem
938 1598 1031 1664 medo
1055 1595 1124 1662 seni

164 1705 216 1768 27.
240 1704 319 1770 ibid.
344 1706 407 1770 392
432 1757 616 1772 .........
640 1703 779 1770 Nimium
802 1703 981 1787 intervos,
1004 1704 1126 1770 Demea

378 1831 403 1879 9.
427 1814 514 1894 apud
538 1818 664 1879 ceteras
686 1817 814 1895 poetas:

165 1920 219 1986 28.
243 1918 403 1985 Caecilius
429 1921 468 1985 57
494 1919 629 1986 Ubinam
652 1918 805 2002 pisciculi
828 1926 863 1985 19
885 1919 1028 2001 schema,
1055 1917 1126 1983 sine

242 2027 393 2094 cruribus
1040 2045 1041 2048 ’

167 2135 218 2200 29.
242 2133 403 2201 Caecilius
431 2136 488 2200 161
515 2134 585 2200 Dat
607 2133 718 2200 ieiuna
736 2133 852 2199 anima.
871 2170 914 2180 -
933 2132 991 2198 Nil
1009 2137 1128 2214 peccas

242 2242 282 2307 de
305 2241 398 2309 savio

166 2349 218 2413 30.
242 2347 414 2430 Turpilius
435 2350 497 2415 194
514 2348 616 2415 Simul
635 2347 898 2428 cncumspecrm:
917 2343 974 2414 ilbi
993 2351 1128 2429 praeter

243 2474 278 2522 se
301 2455 461 2523 neminem

168 2564 219 2628 31.
244 2561 400 2629 Afranius
427 2565 492 2630 309
528 2562 572 2628 Η1
603 2562 772 2630 coniecere
807 2563 911 2630 verba
939 2561 1027 2628 inter
1056 2580 1129 2628 sese

243 2688 351 2736 acrius

167 2779 219 2843 32.
242 2775 401 2843 Afranius
425 2779 490 2844 354
513 2776 621 2862 Igitur
645 2777 785 2861 quiesce,
812 2773 1018 2858 etquenam
1043 2775 1130 2842 inber

243 2904 303 2950 nos
326 2882 460 2966 nuptiae

168 2993 220 3060 33.
244 2991 358 3074 Varro,
372 2991 440 3058 Sat.
451 2991 593 3074 Menipp.
604 2993 668 3058 558
679 2989 802 3056 Billiid
816 3009 895 3057 vere
907 2992 1044 3072 quodam
1059 3009 1130 3056 mea

328 3169 369 3236 ΙΙ.
388 3169 557 3236 Venabula
579 3169 722 3251 spondeo
746 3167 922 3236 terminata
944 3170 1100 3237 babemus
1123 3169 1205 3234 baec

387 3314 415 3361 a.
439 3295 526 3376 apud
549 3295 717 3360 Plautum:

170 3403 221 3467 34.
245 3401 360 3484 Amph.
387 3404 449 3468 193
549 3401 758 3468 Alcumenam
784 3420 917 3468 uxorem
941 3400 1023 3468 19911
1040 3420 1132 3468 suam

170 3510 222 3575 35.
246 3508 319 3575 Aul.
339 3509 404 3574 375
429 3559 703 3574 .............
729 3507 902 3590 porcinam,
926 3526 1006 3575 cara
1024 3507 1132 3575 omnia

171 3618 222 3682 36.
247 3616 364 3682 Bacch.
384 3617 448 3682 856
473 3666 658 3682 .........
681 3616 889 3683 inventurum
909 3619 943 3681 te
962 3614 1070 3696 qualis
1089 3617 1133 3682 sib

171 3725 222 3789 37.
246 3723 337 3805 Capi.
362 3725 404 3788 24
428 3725 496 3805 (93)
520 3774 791 3790 .............
816 3723 930 3790 Α91911
950 3743 1021 3789 cum
1040 3724 1133 3790 Aleis

171 3831 222 3896 38.
247 3830 318 3898 Cas.
343 3833 384 3896 59
409 3881 747 3897 ................
773 3829 936 3898 consentit
965 3849 1036 3897 cum
1066 3831 1132 3898 filio

171 3938 222 4003 39.
246 3935 326 4004 ibid.
345 3938 408 4003 447
435 3989 706 4004 .............
730 3938 872 4020 protollo
892 3941 1028 4004 montem
1051 3929 1133 4004 mibi

170 4046 223 4111 49.
248 4043 376 4112 9111911.
399 4046 464 4113 616
488 4096 606 4112 ......
630 4063 725 4130 quam
744 4063 873 4116 uxorem
894 4043 989 4114 duxit
1008 4045 1133 4118 domme
