3014 4642
638 223 862 290 ..68-

162 418 239 490 (inm
263 421 447 489 Ritsclnelio
469 419 656 504 scripserim
678 421 868 486 ‘scortorum
891 418 964 501 bio';
991 438 1097 502 neque
1119 419 1184 487 hoc
1208 417 1335 501 quidem

163 550 184 596 a
212 529 450 613 probabilitate
477 528 647 595 abhorret:
675 527 767 593 ‘Nam
795 529 947 593 lenonum
977 531 1012 593 et
1038 532 1221 594 scortorum
1247 548 1336 593 nuuc

162 639 239 720 plns
257 642 310 703 est
327 635 414 703 fere'.
449 635 624 716 Utcunque
642 639 703 718 est,
721 652 787 701 non
806 634 872 701 erit
889 633 1103 701 dubitandum
1117 633 1197 716 quin
1212 632 1337 700 tradita

162 744 268 813 verba
291 745 476 825 depravata
503 742 584 826 sint,
611 741 806 823 praesertim
834 760 905 808 cnm
932 739 1035 808 totius
1057 758 1198 808 scaenae
1220 759 1336 809 versus

163 852 257 932 qnasi
276 855 428 918 scateant
445 848 581 916 mendis.
617 850 663 915 Et
681 847 876 915 simillimum
895 867 1025 916 versum
1048 849 1110 915 63·
1132 849 1249 916 eadem
1268 846 1337 915 iere

165 964 316 1027 vexatum
341 975 414 1024 esse
438 955 626 1023 calamitate
650 961 798 1038 apparet.
822 992 864 1004 -

209 1068 239 1132 6.
267 1064 360 1148 capt
383 1066 426 1130 24
451 1065 627 1145 Postquam
650 1061 855 1148 belligerant
876 1062 987 1130 Aetoli
1011 1082 1081 1130 cum
1104 1062 1199 1130 Aleis

209 1175 249 1240 6·
268 1171 360 1254 capt.
384 1173 426 1238 93
449 1171 504 1238 Ita
525 1189 610 1237 nnnc
633 1169 835 1254 belligerant
856 1169 971 1237 Aetoli
995 1189 1065 1237 cnm
1087 1168 1183 1238 Aleis

164 1280 301 1348 Hiatum
336 1281 416 1346 ‘cum
446 1277 547 1345 Aleis’
579 1277 607 1345 si
637 1297 701 1345 non
732 1278 957 1361 temptandum
986 1295 1059 1344 esse
1090 1280 1203 1361 putas,
1232 1295 1275 1344 ne
1303 1277 1337 1344 in

164 1389 305 1471 spondeo
329 1386 460 1468 quidem
488 1385 652 1452 offendere
682 1386 793 1467 debes,
820 1383 941 1468 quippe
969 1383 1024 1466 qni
1051 1403 1093 1451 ex
1115 1388 1188 1451 ario
1213 1402 1337 1452 conexu

166 1496 338 1563 verborum
361 1491 506 1559 finalium
528 1492 649 1558 iustam
672 1491 882 1559 nanciscatur
904 1491 1157 1558 excusationem.
1175 1527 1221 1540 —

211 1603 240 1668 7.
263 1600 377 1682 Amph.
404 1601 466 1665 103
491 1599 671 1667 Gravidam
694 1599 910 1666 Alcumenam
933 1617 1068 1666 uxorem
1092 1597 1174 1666 fecit
1196 1617 1290 1666 snam

166 1707 323 1774 Meliores
345 1725 495 1773 numeros
519 1704 625 1772 efficis
642 1705 692 1772 ita
714 1707 960 1789 transponendo
983 1725 1054 1773 cnm
1070 1704 1224 1773 Goetaio:
1246 1706 1337 1772 ‘Gro-

168 1814 277 1883 vidam
300 1813 512 1880 Alcumenam
536 1811 619 1880 fecit
641 1832 770 1880 uxorem
796 1814 904 1881 suam’.
925 1850 963 1862 -

165 1921 436 1989 Emendationem
460 1923 608 2003 postulat
630 1939 703 1988 mea
725 1919 855 2003 quidem
877 1920 1046 1988 sententia
1068 1919 1122 1987 bic
1143 1938 1269 2005 versus,
1299 1922 1339 1986 de

167 2048 230 2111 qno
252 2031 353 2111 paulo
376 2022 482 2094 insins
505 2027 665 2112 agendum
691 2027 767 2094 erit:

213 2138 242 2203 8.
267 2135 344 2202 oisc
373 2136 438 2201 616
472 2135 571 2201 Prius
606 2135 692 2202 hanc
727 2133 933 2217 compressit,
960 2153 1055 2215 qnam
1083 2152 1216 2202 uxorem
1243 2133 1340 2201 duxit

1202 2242 1339 2309 domum.

167 2351 348 2417 Verborum
382 2349 623 2431 copulationem
654 2348 758 2415 ‘duxit
790 2348 927 2416 domum’
959 2368 1150 2431 quamquam
1186 2348 1242 2416 hic
1269 2348 1339 2415 illic

167 2458 201 2524 in
229 2475 379 2525 versuum
408 2456 499 2522 exitn
526 2474 697 2522 occurrere
725 2454 915 2543 videmus1),
949 2461 1059 2523 tamen
1092 2458 1249 2523 Plautum
1276 2475 1340 2524 non

168 2564 317 2630 idoneam
336 2561 473 2644 spondei
492 2562 733 2629 excusationem
751 2562 893 2629 sensisse
912 2562 946 2629 in
963 2564 1139 2646 propatulo
1154 2562 1250 2630 nobis
1269 2563 1340 2647 erit,

168 2670 198 2736 si
221 2669 462 2753 respexerimus
485 2670 583 2736 hosce
604 2669 705 2736 locos:

265 2778 436 2844 11111480
466 2776 514 2842 Vt
544 2777 713 2844 indotatas
747 2778 869 2843 ducant
901 2796 1017 2844 uxores
1050 2778 1177 2845 domum

169 2885 226 2952 nbi
244 2887 285 2950 de
302 2883 465 2952 industria
483 2889 521 2950 ut
539 2884 713 2966 spondeum
730 2882 902 2968 defugeret
920 2886 1047 2950 ‘uxores
1066 2885 1187 2951 ducant
1205 2885 1341 2952 domnm’

171 2997 301 3074 poetam
327 2991 532 3059 usitatiorem
556 2991 728 3059 verborum
752 2991 1010 3058 consecutionem
1037 2997 1180 3058 mutasse
1208 3011 1342 3060 consen-

168 3105 300 3165 taneum
323 3104 381 3165 est.

252 3257 273 3326 ¹)
293 3255 369 3310 Asin.
389 3257 440 3311 937
476 3273 520 3310 me
538 3273 608 3310 uxor
627 3255 742 3311 abducit
760 3257 872 3311 domum

293 3345 356 3400 Aul.
376 3346 428 3400 613
477 3344 563 3400 liliam
582 3346 667 3401 ducat
685 3346 798 3400 domum

293 3433 398 3489 Cistell.
420 3435 453 3489 99
477 3435 535 3489 alia
552 3435 706 3490 ducendast
725 3437 838 3490 domum

293 3522 361 3578 ibid.
381 3524 433 3579 530
476 3541 589 3579 uxorem
608 3524 751 3580 Lemniam
771 3526 854 3581 ducet
872 3526 984 3580 domum

294 3613 377 3666 Merc.
397 3613 450 3668 980
476 3613 594 3668 redduxi
612 3615 725 3668 domum

293 3700 352 3757 Mil.
373 3701 421 3755 121
478 3702 514 3756 nd
533 3719 561 3757 se
580 3702 696 3758 deduxit
714 3704 827 3758 domum

293 3789 361 3846 ibid.
380 3791 433 3844 686
478 3808 539 3846 eam
558 3792 658 3847 ducam
677 3793 790 3847 domum

293 3879 361 3934 ibid.
381 3879 433 3934 790
478 3897 539 3935 eam
559 3881 615 3935 iam
634 3882 754 3937 deducas
773 3883 885 3936 domum

294 3967 392 4022 Pseud.
411 3968 463 4022 867
482 3969 618 4024 adducam
638 3971 751 4026 domum

294 4055 370 4111 'Prin
389 4056 441 4111 858
483 4058 602 4113 abduxit
620 4060 733 4115 domum
