3014 4642
642 237 865 302 ..25.„.

236 421 237 424 ¹
263 436 355 501 Asin.
379 435 443 500 427
468 434 521 500 Nil
546 440 608 501 est:
633 439 795 515 tamquam
820 433 848 498 si
872 432 1008 498 claudus
1030 431 1090 497 sim

263 542 355 610 (lure.
380 543 444 608 516
467 541 567 624 Lyco,
589 539 745 622 numquid
767 538 840 607 vis?
866 536 878 627 11
904 539 994 605 Βο00
1019 541 1097 607 vale

253 755 315 822 His
339 757 460 822 addere
488 754 568 821 mibi
594 753 698 820 liceat
724 754 904 836 spondiaco
933 760 967 819 01
994 752 1208 834 anapaestico
1235 754 1339 821 verbu

164 883 206 930 ex
221 864 372 930 secundo
400 866 582 943 quartoque
605 860 822 927 iambieorum
844 859 1080 927 octonariorum
1104 859 1187 941 pede
1211 865 1339 942 sumpta

165 990 246 1052 quos
274 989 429 1037 vocamus
456 973 654 1053 synartetos.
701 967 799 1034 Cuius
826 967 957 1052 generis
984 968 1161 1050 vocabula,
1191 967 1339 1048 quamvis

162 1098 238 1145 rare
262 1083 381 1161 poetae
404 1075 471 1143 sibi
493 1075 703 1159 permiserint
724 1076 759 1142 in
782 1075 840 1141 1110
862 1094 977 1143 versus
1001 1077 1087 1156 sedo,
1114 1079 1228 1140 tamen
1250 1074 1338 1139 haud

163 1204 294 1268 prorsus
318 1185 535 1251 excluserunt.
581 1183 765 1268 Legitimae
789 1188 897 1250 eutem
922 1182 1135 1266 excusationi,
1163 1199 1259 1263 quam
1282 1183 1338 1247 ad·

162 1293 226 1359 huc
256 1290 501 1360 observavimus
531 1291 566 1357 10
596 1290 782 1373 spondiaeis
811 1290 937 1373 verbis,
966 1290 1000 1355 in
1028 1290 1090 1356 boc
1117 1290 1338 1356 tantummodo

162 1419 261 1469 versu
283 1399 422 1466 Plautus
445 1397 624 1465 consuluit:

260 1507 345 1573 Men.
363 1507 425 1572 129
537 1504 693 1571 Conferre
717 1524 827 1572 omnes
851 1504 1117 1588 congratulantes

162 1612 290 1680 Deinde
317 1617 454 1694 propter
482 1597 637 1677 accentus
667 1610 814 1678 enclisim
842 1629 956 1677 carere
984 1609 1139 1677 videntur
1162 1609 1338 1677 offensione

260 1721 388 1786 Phorm.
403 1721 468 1784 246
537 1718 704 1802 Quidquid
726 1723 859 1800 praeter
881 1737 970 1800 spem
994 1717 1126 1786 eveniat
1149 1737 1243 1785 omne
1267 1719 1302 1784 id

261 1827 340 1893 ibid.
354 1828 417 1893 251
535 1825 699 1910 Quidquid
724 1830 856 1908 praeter
878 1844 967 1908 spem
991 1824 1124 1891 eveniet
1146 1844 1240 1893 omne
1263 1825 1298 1891 id

259 1935 338 2000 Hoc.
353 1937 417 2001 207
535 1935 651 2016 itaque
674 1934 929 2001 00010100000
952 1951 1052 2017 agere
1075 1937 1219 2000 aetatem

259 2041 419 2109 1111833
535 2043 628 2108 Haec
650 2047 702 2108 tot
724 2047 860 2124 propter
882 2061 933 2107 me
956 2041 1079 2126 gaudia
1101 2039 1155 2105 illi

160 2150 200 2216 In
223 2148 274 2215 bis
298 2154 406 2216 autem
429 2149 581 2217 versibus
605 2149 659 2230 qui
684 2153 863 2229 sequuntur
887 2149 1008 2215 nullam
1033 2148 1196 2214 rationem
1219 2166 1338 2232 cogno-

160 2255 287 2340 scimus,
311 2276 374 2338 qua
397 2261 515 2339 poetae
539 2257 720 2324 leniverint
743 2256 968 2338 arperitatem:

258 2365 377 2431 Bacch.
394 2366 456 2432 951
520 2364 618 2430 ‘Dum
641 2363 688 2429 ibi
714 2362 856 2444 exquirit
879 2362 969 2429 fucta
991 2362 1125 2429 Iliorum

258 2470 524 2557 1110017271728)
535 2471 644 2549 Ehem,
668 2471 727 2538 vix
749 2471 882 2537 tandem
906 2469 1040 2552 percepi
1064 2469 1234 2552 superbis

256 2578 337 2645 Hec.
352 2580 416 2644 215
535 2579 587 2644 An
611 2578 688 2659 quia
711 2577 781 2645 ruri
804 2579 919 2645 crebro
942 2596 1016 2645 esse
1038 2578 1126 2644 soleo

259 2684 351 2767 Oapt.
367 2687 431 2751 916
532 2686 646 2752 Aulus.
659 2686 844 2767 calicesque
868 2685 970 2752 omnis
994 2684 1157 2769 confregit

257 2792 375 2858 Pseud.
393 2793 477 2858 1272
534 2792 629 2859 Oordi
654 2799 753 2875 atque
776 2793 882 2860 animo
906 2812 964 2859 suo
989 2793 1197 2875 opsequentis

258 2899 337 2966 Hec.
354 2899 416 2964 198
533 2899 599 2965 Pro
623 2902 716 2966 deum
740 2906 840 2981 atque
863 2900 1024 2967 hominum
1048 2900 1142 2967 fidem
1168 2901 1253 2981 quod
1276 2900 1337 2964 hoc

631 3026 733 3091 genus
756 3013 807 3074 est

257 3110 334 3178 ibid.
350 3114 414 3179 574
533 3114 608 3195 Ipse
632 3114 754 3197 eripuit
777 3115 820 3198 vi,
844 3114 879 3181 10
903 3115 1008 3198 digito
1028 3108 1128 3196 ‘quem
1150 3116 1267 3181 babuit

256 3219 317 3286 Ad.
334 3221 396 3286 174
534 3221 606 3287 Νο0
628 3221 810 3304 innueram3
834 3241 946 3290 verum
970 3221 1006 3288 in
1029 3222 1125 3289 istam
1148 3227 1274 3304 partem
1353 3287 1354 3292 ,

256 3325 333 3392 ibid.
349 3328 413 3392 279
534 3326 693 3410 Quamvis
717 3328 814 3394 etiam
839 3348 952 3395 maneo
976 3328 1100 3395 otiosus

161 3432 213 3500 Ex
236 3438 354 3514 quarto
377 3435 461 3515 pede
479 3453 645 3516 perpauca
664 3436 837 3517 capiuntur
855 3438 1012 3519 exempla,
1036 3454 1120 3518 quae
1138 3435 1248 3502 omnia
1266 3434 1335 3501 fere

162 3539 203 3604 ob
228 3538 374 3606 enclisim
397 3543 590 3609 vocularum
614 3543 841 3610 tolerabimus:

258 3646 428 3728 (1001917
474 3735 476 3739 ἢ
535 3649 651 3717 Cocum
675 3651 939 3735 percontabatur,
963 3657 1140 3733 possentne

256 3752 339 3820 Eun.
357 3756 440 3820 1037
533 3757 631 3838 Βο00,
651 3757 702 3823 110
720 3776 771 3824 me
790 3757 824 3822 di
843 3764 961 3841 ament,
980 3759 1110 3825 factum.
1137 3757 1149 3846 11
1170 3757 1280 3824 Audin
1298 3763 1335 3823 tu

256 3861 385 3928 Phorm.
399 3863 464 3928 239
529 3863 727 3930 Incertumst
751 3864 829 3945 qnid
852 3884 961 3948 agam,
990 3865 1066 3946 quia
1089 3870 1221 3947 praeter
1244 3884 1331 3946 spem

629 3975 728 4052 atque

255 4074 335 4140 Hec.
350 4075 414 4142 593
529 4077 605 4144 Μο0
627 4097 727 4145 causa
749 4080 832 4146 nolo.
859 4082 871 4168 {1¹
897 4080 954 4149 Nil
976 4081 1044 4150 iam
1067 4081 1151 4149 istae
1174 4101 1227 4149 res
