3014 4642
635 231 858 297 ...74-

261 425 324 492 Sed
346 421 424 505 quid
447 442 539 490 cesso
569 422 619 490 ire
649 425 691 489 ad
721 422 814 490 eam?
847 442 896 490 em
927 427 1058 507 praesto
1089 428 1140 491 est
1166 446 1217 490 om
1245 444 1335 492 camo

1058 531 1175 599 collum
1199 550 1334 617 gravem

161 638 287 706 ‘collum
310 638 454 723 gravem’
477 657 606 706 versum
631 637 750 704 exiisse
777 643 904 704 certum
926 637 1073 720 videtur;
1101 643 1137 706 et
1164 657 1235 706 cum
1259 641 1335 706 ‘sed’

162 745 329 827 particula
350 747 505 828 suppleta
528 744 635 812 omnia
653 763 757 826 usque
780 747 823 812 ad
845 746 956 812 ‘camo’
980 745 1138 813 trochaici
1155 746 1335 828 septenarii

161 851 304 935 speciem
320 851 468 935 induant,
490 851 638 934 placebit
655 851 804 936 fortasse,
827 853 913 933 quod
932 852 1134 921 Ribbeckius
1157 853 1236 920 olim
1261 872 1335 920 con·

162 958 253 1026 iecit:

262 1064 326 1133 Sed
347 1066 427 1148 quid
449 1085 539 1134 cesso
562 1067 612 1134 ire
635 1068 678 1133 ad
701 1066 794 1134 eam?
824 1086 874 1134 em
898 1071 1030 1150 praesto
1054 1071 1118 1135 est:
1149 1071 1241 1135 cumo
1264 1069 1336 1133 mlta

442 1185 445 1192 ’
1056 1177 1176 1243 collum
1200 1194 1335 1258 gravem

163 1283 214 1347 24.
237 1280 289 1346 De
310 1281 484 1349 Varriouis
507 1281 853 1350 losannensis
873 1281 901 1346 B
924 1283 932 1317 ‘
935 1332 1030 1349 .....
1044 1281 1132 1348 illud
1155 1300 1234 1350 vero
1258 1300 1335 1364 quo·

163 1390 237 1454 dam
262 1390 363 1455 meae’
385 1387 467 1455 satis
489 1388 594 1457 babeo
622 1391 665 1456 ad
688 1408 728 1456 ea
750 1391 903 1473 relegare
926 1389 1095 1474 lectorem,
1122 1397 1207 1471 quae
1230 1390 1336 1474 Brug-

162 1514 298 1562 maunus
322 1496 470 1578 disputat
492 1496 528 1583 (l.
551 1515 576 1562 s.
599 1516 628 1578 p.
653 1495 719 1582 31).

252 1602 497 1686 Relinquantur
527 1602 679 1671 nonnulli
706 1601 773 1670 loci
806 1622 848 1670 ex
875 1603 979 1671 Carm.
1005 1604 1079 1670 Lat
1106 1604 1167 1686 Ep.
1195 1601 1249 1690 (B)
1282 1605 1337 1671 de·

163 1709 312 1793 prompti,
335 1709 452 1792 quibus
470 1713 619 1795 regulam
638 1709 832 1795 gravissime
850 1711 973 1778 violari
991 1729 1113 1777 mecum
1138 1709 1336 1778 consenties:

262 1816 364 1884 Carni.
386 1818 459 1903 83,2
482 1817 588 1885 iuenis
611 1817 739 1884 tetendi
760 1822 800 1884 ut
821 1817 976 1885 haberem
999 1819 1086 1900 quod
1107 1822 1221 1885 uterer

259 1924 337 1990 ibid.
363 1927 456 2007 112,1
481 1925 588 1992 Seiius
611 1926 790 1993 Fundanus
812 1923 954 1994 nutrivit
975 1928 1071 1992 natos
1094 1925 1198 1991 duos·

260 2031 339 2099 ibid.
366 2034 457 2116 190,1
482 2032 607 2098 Adeste
630 2030 735 2116 amici,
758 2032 903 2099 fruamur
925 2038 1053 2114 tempus
1075 2032 1195 2098 bonum
1298 2109 1299 2112 Ἴ

260 2139 339 2207 ibid.
362 2161 393 2209 v.
414 2144 435 2206 4
482 2141 596 2207 eadem
618 2138 767 2208 fecerunt
789 2139 823 2206 hi
844 2140 953 2206 cuncti
977 2159 1048 2207 cum
1070 2138 1225 2207 viverent

260 2246 339 2314 ibid.
362 2268 393 2316 v.
415 2250 434 2313 5
480 2249 642 2315 dederunt
661 2254 866 2331 acceperuut,
890 2248 964 2313 dum
984 2252 1103 2331 essent,
1123 2245 1242 2313 fruniti
1260 2251 1336 2312 suut

259 2353 337 2420 ibid.
362 2355 455 2438 100,1
481 2354 621 2421 Domino
644 2354 795 2437 dilectus,
824 2373 952 2436 quoquo
977 2354 1051 2436 iret,
1078 2372 1206 2435 semper
1228 2372 1336 2421 comes

163 2459 228 2526 Sed
252 2460 308 2541 qui
329 2461 390 2527 hos
413 2460 529 2528 titulos
547 2467 798 2544 composuerunt
816 2462 900 2528 artis
918 2459 1075 2528 metricae
1093 2462 1193 2542 plane
1213 2459 1337 2526 inscios

163 2565 262 2633 fuisse
282 2567 395 2633 statim
414 2568 597 2652 intelleges
616 2568 644 2634 si
663 2568 769 2636 animo
788 2568 1057 2651 perlustraveris,
1080 2571 1159 2650 quot
1181 2566 1337 2633 licentias

163 2691 205 2740 ne
237 2673 342 2740 dicam
373 2675 457 2742 vitia
488 2674 542 2741 illi
574 2673 640 2741 sibi
672 2674 888 2757 permiserint.
933 2672 1103 2757 Exemplis
1130 2678 1240 2740 autem
1268 2692 1334 2740 rem

163 2782 336 2849 illustrare
360 2785 641 2866 supersedeamus,
672 2783 758 2865 quod
782 2781 937 2864 plurimos
961 2801 1071 2849 eorum
1095 2799 1223 2848 amores
1247 2782 1336 2848 dete

163 2908 242 2974 gere
266 2889 371 2958 cuivis
394 2890 481 2957 haud
504 2889 643 2957 difficile
666 2896 725 2957 est.

252 3070 321 3134 iam
348 3087 434 3135 nunc
462 3087 534 3135 cum
561 3069 605 3135 ad
631 3069 728 3135 finem
755 3067 975 3153 pervenimus,
1002 3066 1159 3135 memoria
1185 3071 1337 3150 repetere

162 3173 258 3243 iuvat
276 3195 360 3256 quae
378 3176 533 3244 universe
552 3175 799 3244 observavimus
820 3176 861 3242 de
878 3174 1066 3258 spondiacis
1085 3173 1196 3243 verbis
1214 3174 1249 3241 in
1272 3179 1337 3241 ter·

164 3282 244 3350 tium
267 3303 288 3349 a
309 3283 374 3349 fine
397 3284 513 3365 pedem
536 3281 694 3350 admissis.
739 3283 950 3350 Numeremus
975 3282 1060 3350 enirn

252 3389 278 3456 1.
310 3390 610 3472 spondiacorum
638 3392 930 3473 vocabulorum,
960 3408 1057 3471 quae
1086 3387 1338 3471 excipiantur

164 3516 238 3564 una
265 3517 359 3565 voce
387 3498 550 3565 ultimos
580 3500 674 3566 duos
704 3501 813 3565 locos
843 3498 1035 3579 amplexa:
1069 3497 1132 3562 166
1161 3498 1338 3577 exempla

164 3603 223 3691 (vf-
246 3604 490 3692 pp.e-ao).1)

252 3711 458 3794 ILquibus
487 3715 688 3794 complura
714 3713 835 3780 verba
862 3711 1089 3778 succedant:
1120 3711 1183 3776 105
1211 3727 1338 3775 exem·

164 3823 232 3903 pla
254 3818 315 3906 (cf.
337 3839 394 3902 pp.
415 3819 569 3905 26-30).

253 3998 273 4063 ¹)
293 3995 402 4050 omissis
421 3998 437 4051 9
456 3996 525 4052 locis
546 3996 595 4065 qui
618 3994 813 4067 pronominum
839 3994 904 4062 tile,
928 3993 989 4050 iste'
1013 3994 1116 4049 formas
1139 3993 1169 4048 in
1192 3994 1246 4048 hoc
1267 3992 1337 4063 peda

160 4085 296 4143 exhibent
315 4086 349 4144 of.
369 4104 396 4157 p.
417 4086 459 4142 12.
477 4104 518 4155 sq.
