3014 4642
640 234 861 298 -41-

161 447 220 510 pro
248 427 311 493 1110
339 427 502 509 perierat’,
531 447 614 508 quae
637 428 741 495 verba
763 427 840 494 libri
864 445 990 509 quoque
1014 429 1157 493 tradunt.
1203 425 1338 494 Maioris

162 541 272 602 autem
299 535 452 601 momenti
476 535 621 618 videtur,
649 534 735 616 quod
758 534 792 600 in
816 535 915 600 Poen.
942 537 1026 601 1242
1050 539 1185 616 propter
1207 533 1339 600 iambici

162 641 343 725 septenarii
367 642 539 710 diaeresim
562 648 677 710 contra
701 645 846 709 codicum
870 641 1066 723 scripturam
1085 643 1116 708 A
1139 650 1173 708 et
1195 643 1223 707 P
1247 660 1340 722 repo·

162 769 242 817 nere
265 769 345 832 opus
369 754 432 816 est:

262 857 315 923 Da
338 855 465 941 pignus,
487 857 522 923 ni
544 876 630 924 nunc
653 856 797 939 perieres

254 963 307 1049 (cf.
326 964 425 1031 Poen.
445 964 493 1030 ed.
513 964 754 1031 Goetz-Loewe
777 967 861 1031 1884
886 970 918 1030 et
943 983 1027 1045 quae
1045 964 1113 1031 Leo
1135 965 1275 1031 adnotat
1297 965 1339 1030 ad

163 1073 255 1155 11.1.,
279 1072 319 1137 10
342 1071 489 1154 ‘periero’
515 1070 553 1138 01
573 1072 753 1138 Usenerum
772 1071 899 1137 11101.
920 1073 1031 1138 annal.
1050 1072 1114 1140 vol.
1133 1074 1185 1137 91.
1204 1091 1232 1137 a.
1254 1072 1338 1138 1865

164 1199 195 1261 p.
226 1179 290 1245 226
314 1177 375 1264 sq.)
405 1178 595 1259 -Itaque
626 1197 667 1244 ne
697 1178 731 1245 in
761 1197 858 1246 versu
890 1178 1018 1260 quidem
1050 1181 1091 1245 10
1122 1197 1183 1261 quo
1214 1177 1340 1262 agimus

164 1286 248 1352 satis
272 1291 400 1353 constat
424 1305 579 1367 quaenam
604 1286 748 1368 pristina
769 1286 871 1353 fuerit
892 1285 997 1354 forma
1015 1285 1176 1353 vocabuli.
1212 1285 1340 1352 Deinde

163 1394 198 1459 in
230 1393 512 1460 Menaechmorum
544 1413 576 1460 1.
609 1395 674 1459 623
706 1392 879 1461 offenderit
911 1394 985 1476 quis
1016 1393 1049 1458 in
1081 1393 1175 1459 hiatu
1206 1392 1340 1474 ‘aliquoi

163 1500 292 1584 irata's',
311 1520 403 1583 quem
424 1501 553 1583 quidem
566 1500 720 1567 Klotzius
739 1501 773 1568 in
791 1501 1049 1584 septenariorum
1069 1500 1210 1567 diaeresi
1229 1500 1340 1584 legiti-

164 1627 252 1675 mum
279 1609 378 1675 ducat
408 1609 442 1694 (l.
466 1629 544 1690 sp.
570 1608 658 1694 151).
703 1608 769 1675 Sed
796 1608 938 1675 10111000
966 1613 1075 1692 erunt,
1110 1608 1166 1689 qui
1193 1608 1248 1673 illi
1275 1626 1340 1674 non

165 1715 397 1784 assentiantur.
445 1715 555 1799 Quare
583 1715 703 1782 faciam
729 1735 800 1781 cum
824 1715 952 1798 Β111110,
983 1715 1038 1797 qui
1061 1714 1213 1797 ι11101011
1237 1716 1342 1798 suspi-

166 1828 270 1906 catur,
295 1843 357 1905 quo
380 1823 415 1890 in
438 1827 564 1890 textum
586 1828 720 1905 recepto
739 1842 849 1889 omnes
867 1827 1098 1890 removeantur
1116 1821 1341 1889 difficultates.

165 1930 221 2016 (01.
244 1929 352 1996 Brixii
375 1933 424 1997 01.
450 1931 535 1996 Men.
559 1932 646 1997 1873
669 1950 700 1998 v.
720 1931 798 2011 311;
822 1931 871 1995 ed.
891 1929 979 1996 Trin.
1000 1932 1085 1997 1873
1110 1950 1141 1998 1.
1161 1932 1234 1996 358.
1254 1930 1341 2016 558.)

164 2037 313 2104 Eandem
326 2037 526 2120 pronominis
540 2037 675 2103 formam
690 2037 757 2103 Leo
773 2056 900 2120 quoque
913 2037 1033 2104 Plauto
1049 2036 1210 2103 concessit
1224 2039 1341 2102 ‘studd

165 2145 277 2212 Plaut’
302 2147 387 2212 1895
415 2166 445 2228 p.
470 2147 543 2211 311.
589 2144 739 2226 Denique
767 2147 807 2211 de
834 2145 1032 2226 reliquorum
1061 2163 1214 2213 versuum
1237 2143 1342 2210 forma

165 2271 259 2319 nemo
288 2252 455 2321 dubitavit
481 2253 564 2319 Rud.
590 2255 675 2320 1423
705 2259 856 2336 excepto,
888 2253 944 2334 qui
972 2254 1152 2335 abrogatur
1179 2257 1296 2334 poetae
1321 2271 1342 2318 a

167 2358 292 2426 Weisio
315 2358 370 2446 (cf.
392 2358 513 2427 Leonis
537 2360 609 2446 ed).

255 2467 306 2533 Ac
333 2466 427 2532 nobis
452 2466 579 2549 quidem
603 2467 711 2534 omnia
733 2469 815 2535 haec
838 2469 989 2550 exempla
1011 2468 1118 2535 oculis
1141 2468 1342 2550 perlustran-

166 2574 255 2641 tibus
291 2574 378 2641 illud
415 2575 616 2657 potissimum
653 2580 784 2642 exstare
822 2581 857 2641 01
893 2576 1037 2643 eminere
1074 2575 1220 2659 videtur,
1258 2576 1344 2657 quod

166 2683 272 2750 verba
294 2680 424 2749 ultimos
448 2683 528 2749 duos
550 2685 650 2764 pedes
669 2687 821 2765 amplexa
839 2683 935 2767 gravi
955 2681 1219 2764 interpunctione
1239 2683 1345 2748 seiun-

166 2794 291 2874 guntur
309 2809 329 2855 a
347 2787 533 2870 spondiaois
552 2790 697 2872 vocibus,
718 2808 802 2871 quae
822 2790 966 2872 proxime
985 2791 1193 2857 antecedunt.
1229 2790 1345 2871 Impri-

167 2895 228 2962 mis
252 2902 362 2963 autem
386 2897 621 2964 admonendum
645 2903 695 2963 est
713 2897 775 2964 1111
792 2897 866 2979 ipsa
884 2895 1048 2963 artissime
1068 2897 1156 2962 inter
1174 2916 1209 2962 se
1229 2897 1342 2963 cobae-

167 3021 251 3087 rere,
266 3002 386 3085 quippe
401 3021 484 3084 quae
497 3002 634 3070 stabiles
649 3006 804 3084 quasdam
820 3004 998 3070 exhibeant
1011 3003 1201 3070 locutiones.
1235 3005 1344 3085 Atque

167 3110 254 3176 tales
269 3109 526 3176 exclamationes
540 3113 633 3176 nullo
649 3111 767 3193 spiritu
780 3111 965 3178 intermisso
979 3129 1139 3193 personae
1154 3110 1346 3195 effuderunt,

168 3222 206 3284 ut
229 3236 271 3283 ex
294 3216 435 3301 singulis
456 3217 630 3284 vocabulis
653 3218 848 3300 compositas
867 3237 938 3284 esse
958 3218 1114 3284 eiusmodi
1133 3219 1270 3300 phrases
1288 3218 1345 3286 vix

168 3323 346 3410 senserint;
378 3342 440 3404 quo
472 3323 511 3388 fit
541 3329 579 3390 ut
611 3324 711 3390 etiam
743 3325 865 3392 artiore
895 3325 1028 3393 vinculo
1059 3326 1161 3393 verba
1192 3325 1281 3391 inter
1310 3345 1345 3391 se

169 3434 389 3499 conectantur.
432 3428 505 3513 Qua
528 3432 569 3497 10
593 3450 693 3498 01101
717 3431 846 3514 opinari
870 3432 1046 3499 absurdum
1070 3450 1134 3498 non
1158 3436 1209 3499 est
1231 3437 1345 3515 poetas

168 3537 223 3604 hic
245 3556 372 3619 quoque
398 3537 434 3604 in
457 3538 611 3605 extremis
634 3541 761 3606 duobus
784 3540 924 3621 pedibus
948 3540 1141 3622 copulandis
1163 3539 1345 3622 legitimam

169 3644 370 3727 quaesivisse
389 3644 525 3727 spondei
544 3646 795 3730 excusationem,
815 3666 910 3727 quam
930 3647 965 3712 in
979 3647 1125 3714 omnibus
1139 3646 1221 3713 locis
1236 3648 1345 3713 obser-

168 3771 250 3821 vare
276 3752 382 3833 licuit,
414 3771 493 3834 quos
521 3754 628 3820 adhuc
656 3755 880 3823 tractavimus.
933 3756 1044 3837 Atque
1074 3754 1236 3820 latissime
1265 3755 1347 3820 haec

167 3859 255 3926 ratio
276 3864 372 3942 patet
389 3861 477 3926 Most
495 3862 559 3926 595
579 3861 636 3926 ‘Ne
656 3881 718 3945 gry
737 3861 884 3943 quidem,
909 3880 992 3943 quae
1011 3863 1115 3928 verba
1136 3861 1230 3927 unius
1250 3879 1344 3930 1001-

168 3966 240 4032 buli
267 3966 375 4033 instar
397 3985 467 4033 esse
492 3968 681 4048 comprobat
703 3968 822 4034 Pseud.
847 3970 924 4034 877;
952 3969 1074 4054 legitur
1098 3968 1183 4038 euim
1207 3969 1235 4035 A
1261 3973 1296 4034 et
1318 3968 1345 4035 P

169 4073 448 4142 consentientibus
