3014 4642
672 938 821 1020 VITA.

249 1118 354 1184 Natus
383 1135 452 1183 sum
481 1116 686 1183 Hermaunus
717 1115 903 1183 Guilelmus
932 1115 1125 1181 Theodorus
1155 1113 1279 1198 Hingst
1305 1133 1334 1179 a.

162 1227 191 1292 d.
215 1225 275 1292 IIL
302 1224 383 1290 Non.
405 1223 483 1290 Mai
511 1223 589 1289 anni
616 1224 700 1290 1877
730 1221 975 1289 Zsehoehaviae
1007 1220 1042 1286 in
1069 1220 1144 1287 vieo
1172 1219 1334 1286 Saxouiae

161 1336 258 1414 patre
276 1331 464 1398 Hermanno
489 1329 582 1398 verbi
604 1327 710 1397 divini
729 1328 887 1413 ministro,
910 1333 1014 1395 matre
1034 1327 1181 1394 Gertrud
1199 1346 1217 1394 e
1235 1331 1335 1411 gente

162 1438 294 1519 Kuehn,
328 1457 408 1520 quos
438 1438 532 1503 ambo
562 1435 641 1502 mihi
670 1436 777 1503 adhue
808 1435 1002 1519 superstites
1034 1454 1106 1502 esse
1138 1426 1335 1518 magnopere

162 1548 280 1613 laetor.
324 1544 438 1612 Fidem
461 1543 616 1626 profiteor
639 1542 871 1628 evangeheam.
912 1542 1032 1609 Primis
1055 1541 1248 1609 eruditionis
1271 1541 1336 1607 ele·

162 1652 280 1718 mentis
302 1655 399 1734 pater
421 1670 472 1717 me
493 1649 663 1732 instruxit,
691 1655 759 1716 tum
781 1649 997 1716 humanitatis
1020 1647 1139 1716 studiis
1161 1647 1336 1714 instituen-

163 1760 224 1825 dus
247 1758 419 1842 gymnasio
437 1755 529 1841 regio
549 1756 729 1824 Dresdensi
752 1757 895 1823 traditus
918 1775 997 1840 sum,
1021 1755 1111 1822 cuius
1129 1755 1164 1822 in
1183 1762 1337 1837 quartum

164 1865 308 1932 ordinem
332 1884 360 1931 a
377 1867 462 1932 1890
486 1883 536 1931 00
559 1869 762 1947 receperunt.
797 1864 959 1931 Examine
977 1883 1035 1947 pro
1054 1864 1247 1931 maturitate
1263 1883 1338 1930 aca-

164 1972 290 2041 demica
312 1977 466 2055 superato
490 1991 568 2040 vere
591 1972 773 2039 00011897
798 1974 914 2040 almam
935 1977 1071 2040 matrem
1088 1972 1171 2055 petii
1189 1970 1338 2054 Lipsien-

165 2100 241 2165 sem,
267 2084 305 2146 ut
327 2078 446 2146 studiis
468 2079 644 2164 philologis
668 2099 798 2162 operam
815 2099 986 2148 navarem.
1032 2081 1142 2162 Atque
1164 2083 1336 2162 postquam

164 2207 225 2270 per
242 2207 302 2254 sex
319 2186 513 2254 semenstria
534 2185 587 2253 hie
606 2187 715 2253 omnia
733 2185 811 2253 mihi
829 2205 986 2269 prospere
1008 2191 1186 2269 cesserunt,
1209 2189 1338 2252 aestate

165 2294 243 2361 anni
260 2295 345 2360 1900
368 2292 562 2378 gravissimo
585 2293 772 2376 implicatus
791 2312 860 2360 sum
878 2294 999 2377 morbo,
1022 2313 1085 2375 quo
1104 2292 1215 2359 studia
1233 2292 1338 2357 inter·

165 2402 298 2467 mittere
314 2402 506 2482 domumque
524 2399 657 2485 regredi
671 2419 815 2484 cogerer,
833 2399 889 2466 ubi
904 2399 1116 2467 miserrimam
1136 2400 1176 2465 ob
1192 2397 1338 2481 eorporis

165 2507 386 2575 infirmitatem
408 2506 512 2574 vitam
534 2506 629 2572 traxi.
676 2507 750 2573 lllis
778 2513 887 2573 autem
912 2506 1112 2589 temporibus
1135 2505 1212 2572 mihi
1237 2504 1338 2572 exsti·

165 2620 279 2683 terunt
301 2613 468 2680 adiutores
491 2615 554 2679 duo
577 2612 642 2681 viri
665 2632 745 2695 quos
768 2617 865 2698 grato
884 2633 1012 2697 semper
1030 2613 1138 2681 auimo
1158 2632 1340 2696 prosequar

166 2722 328 2789 Ricardus
360 2726 395 2787 et
427 2720 590 2804 Georgius
618 2721 724 2789 Hesse
756 2722 963 2789 Dresdenses
990 2721 1108 2788 medici
1137 2719 1339 2805 peritissimi.

168 2827 312 2912 Quorum
334 2831 424 2895 alter
442 2827 628 2913 chirurgica
645 2834 718 2896 arte
737 2831 838 2896 semel
857 2828 1038 2910 iterumque
1057 2828 1208 2895 adhibita
1222 2827 1340 2908 effecit,

168 2941 206 3003 ut
232 2954 274 3002 ex
300 2934 443 3019 eorporis
470 2933 669 3001 eruciatibus
695 2935 840 3002 recreari
867 2936 1042 3018 inciperem
1067 2934 1186 3001 sensim
1210 2934 1340 3016 quidem

169 3063 208 3110 ac
230 3043 469 3126 pedetemptim.
511 3043 620 3123 Atque
642 3062 720 3111 vere
744 3043 840 3110 huius
863 3043 941 3111 anni
963 3043 1107 3127 lipsiam
1130 3042 1240 3109 redire
1262 3039 1341 3106 mihi

169 3150 274 3235 licuit,
295 3150 353 3216 ubi
377 3149 504 3215 litteris
527 3151 660 3216 studere
682 3151 821 3233 perrexi.

258 3258 449 3324 Docuerunt
488 3276 538 3323 me
579 3261 614 3322 et
653 3262 731 3323 ante
767 3263 802 3325 et
836 3263 912 3340 post
947 3261 1093 3326 morbum
1129 3256 1194 3325 viri
1230 3256 1341 3322 huma·

169 3364 302 3433 nissimi·
316 3362 632 3450 Bireh·Hirschield,
653 3365 852 3449 Brugmaun,
875 3364 1053 3449 Oichorius,
1075 3365 1197 3447 Elster,
1221 3362 1342 3430 Gardt

169 3474 304 3555 hausen,
325 3469 460 3554 Heinze,
482 3471 579 3554 Heln,
601 3471 774 3555 Hofmauu,
796 3471 957 3557 Immiseh,
978 3473 1169 3557 Iungmann,
1191 3470 1342 3551 Koester,

170 3579 377 3662 Lamprecht,
399 3577 539 3662 Lipsius,
561 3578 668 3662 Marx,
690 3577 834 3675 Martini,
856 3579 1008 3646 Ribbeck
1030 3577 1093 3667 (†),
1117 3578 1257 3645 Richter
1280 3573 1343 3663 (†),

172 3685 359 3768 Schreiber,
382 3684 594 3769 Studniezka,
615 3685 844 3769 Wachsmuth,
868 3685 1083 3769 Witkowslri,
1106 3685 1239 3751 Wundt.
1286 3681 1343 3748 So·

172 3793 256 3860 dalis
273 3792 322 3858 fui
340 3789 524 3858 ordinarius
544 3792 772 3874 proseminarii
795 3791 958 3877 philologi
983 3795 1172 3860 moderante
1190 3789 1342 3856 Immisch

172 3899 305 3984 perbis
328 3918 387 3966 sex
409 3916 548 3982 menses,
575 3898 741 3965 seminarii
768 3899 928 3983 philologi
950 3900 1197 3968 moderantibus
1220 3897 1344 3980 Lipsio,

173 4005 314 4090 Marxio,
340 4005 589 4073 Wachsmuthio
615 4025 676 4089 per
703 4008 766 4072 duo
789 4007 991 4074 semenstris.
1036 4007 1140 4074 Utin
1167 4004 1343 4075 seminario
