3014 4642
257 938 380 1004 Poetae
409 938 626 1004 Romanorum
656 941 788 1004 veteres
819 957 884 1019 qua
911 937 1040 1005 ratione
1070 938 1256 1020 spondiacis
1286 938 1341 1006 vel

168 1043 389 1127 anapaesticis
405 1043 530 1111 >verbis
559 1044 593 1110 in
623 1044 835 1111 iambicorum
869 1049 1046 1111 metrorum
1078 1043 1230 1129 pedibus,
1262 1064 1343 1127 quos

168 1150 532 1235 vocamusintcriores‚
561 1150 614 1217 usi
637 1150 718 1235 sint,
745 1150 888 1220 virorum
918 1154 1085 1218 doctorum
1113 1151 1221 1234 operis
1245 1157 1344 1234 atque

167 1258 288 1326 studiis
309 1277 351 1325 ne
374 1260 418 1325 ad
439 1259 502 1326 hoo
526 1258 657 1340 quidem
679 1263 807 1341 tempus
830 1258 912 1325 satis
936 1261 1150 1342 explanatum
1173 1264 1232 1326 est.
1268 1259 1342 1325 Pri·

166 1386 252 1433 mum
286 1364 372 1432 enim
402 1364 544 1433 Oscarus
573 1365 763 1449 Brugmann
801 1366 1034 1433 dissertatione
1068 1368 1342 1447 ‘quemadmodum

166 1473 202 1540 in
230 1472 370 1539 iambico
400 1473 529 1539 senario
558 1472 697 1539 Romani
728 1478 857 1541 veteres
885 1474 1056 1540 verborum
1087 1478 1242 1540 accentus
1272 1491 1341 1539 cum

166 1579 308 1647 numeris
335 1580 565 1647 consociarint’
595 1579 744 1666 (Bounae
771 1579 872 1667 1874)
906 1581 1009 1648 multa
1043 1581 1173 1662 quidem
1201 1599 1241 1647 ac
1269 1598 1343 1663 pre·

166 1687 254 1754 ticsa
276 1688 320 1754 ad
342 1688 428 1752 hanc
451 1705 518 1753 rem
537 1688 794 1771 cognoscendam
812 1687 1052 1772 suppeditavit,
1074 1693 1184 1754 tamen
1205 1687 1240 1754 in
1262 1685 1343 1753 iam·

166 1794 272 1861 bicum
300 1794 524 1860 tantummodo
553 1794 715 1862 senarium
743 1794 917 1875 inquisivit
944 1794 1112 1862 trochaico
1142 1799 1176 1862 et
1202 1795 1342 1862 iambico

166 1900 353 1984 septenario
377 1899 609 1983 octonarioque
632 1903 733 1984 plane
755 1901 927 1986 neglectis.
971 1903 1062 1969 Idem
1087 1900 1226 1969 calculis
1248 1902 1343 1968 tabu·

166 2010 271 2075 larum
295 2027 426 2075 suarum
450 2009 613 2075 adductus
637 2028 747 2075 omnes
769 2011 873 2093 loona,
902 2008 957 2090 qni
985 2009 1180 2092 spondiacus
1208 2014 1243 2075 ct
1266 2027 1342 2074 ana-

165 2115 330 2198 paesticas
353 2133 452 2184 voces
475 2114 547 2181 illis
571 2114 653 2183 locis
677 2134 758 2198 quos
782 2116 852 2182 dixi
874 2116 1045 2201 exhibent,
1071 2116 1105 2183 in
1129 2115 1263 2182 dubium
1285 2133 1341 2184 vc·

166 2225 287 2290 candos
311 2241 383 2289 esse
403 2222 586 2289 arbitratus
610 2228 669 2288 cst
705 2223 822 2304 Itaque
845 2242 1053 2308 permagnam
1078 2222 1341 2290 coniecturarum

165 2329 308 2413 protulit
336 2328 592 2412 multitudinem,
625 2348 707 2411 quas
736 2350 757 2396 a
787 2329 1025 2412 probabilitate
1055 2331 1233 2398 abhorrere
1262 2349 1341 2396 non·

164 2455 330 2518 nunquam
352 2441 499 2519 apparet.

254 2544 336 2611 Post
351 2543 594 2627 Brugmanuum
613 2542 830 2610 difficultates
848 2563 1016 2613 removere
1035 2545 1162 2612 studuit
1179 2544 1342 2610 Ricardus

164 2652 276 2718 Klotz:
301 2650 356 2731 qui
374 2650 572 2718 sententiam
592 2669 682 2717 suam
707 2689 749 2700 -
772 2651 836 2717 iam
855 2651 890 2718 in
909 2650 1063 2718 Bursiani
1082 2653 1191 2718 annal.
1210 2652 1274 2720 vol.
1289 2652 1341 2717 48.

164 2779 217 2842 pp.
246 2759 315 2824 135.
338 2758 411 2824 136.
434 2758 662 2824 adumbratam
685 2795 727 2805 -
751 2757 882 2825 uberius
906 2756 1089 2840 explicavit
1111 2759 1145 2824 in
1168 2757 1265 2841 libro,
1288 2756 1345 2824 cui

164 2865 333 2947 inscripsit
354 2864 563 2948 ‘Grundziige
587 2863 817 2932 altrbmischer
838 2865 971 2931 Metrik'
995 2864 1098 2950 (Lips.
1121 2865 1230 2951 1890).
1276 2863 1341 2950 (De

164 2969 384 3053 anapaesticis
414 2971 524 3040 verbis
555 2970 704 3039 conferas
734 2971 836 3041 veliin
866 2993 918 3055 pp.
948 2973 1138 3054 311-3153
1175 2974 1216 3039 de
1246 2990 1341 3054 spon·

165 3077 267 3145 diacis
294 3098 346 3161 pp.
372 3079 570 3165 315-341).
618 3078 714 3163 Quod
740 3099 821 3163 opus
845 3078 986 3147 Oscarus
1010 3079 1151 3164 Seyffert
1181 3098 1252 3146 cum
1280 3080 1340 3145 sub

163 3184 316 3252 iudicium
333 3186 475 3270 vocavit,
497 3185 623 3252 Klotzii
642 3187 830 3270 disputandi
854 3206 893 3253 ac
911 3187 1158 3254 demonstrandi
1179 3186 1341 3253 rationein

163 3294 372 3360 vehementer
396 3292 608 3376 reprehendit
635 3299 735 3376 atque
758 3293 829 3377 ipse
851 3295 940 3360 haud
967 3312 1072 3376 pauca
1100 3293 1228 3377 attulit,
1256 3312 1341 3374 quae

163 3401 207 3466 ad
235 3419 304 3466 rein
331 3400 576 3482 disceptandam
605 3400 714 3484 magui
745 3400 897 3467 momenti
926 3401 1080 3467 habenda
1110 3405 1195 3467 sunt.
1240 3399 1340 3486 (Berl.

163 3505 278 3589 philol.
306 3505 575 3573 Wochenschrift
606 3508 689 3574 1891
725 3508 798 3575 coll.
831 3509 905 3574 926.
935 3509 1009 3573 927.
1043 3513 1078 3574 et
1107 3507 1201 3574 Burs.
1233 3506 1339 3573 annal.

163 3613 226 3680 vol.
250 3615 302 3680 80.
325 3633 376 3696 pp.
401 3613 601 3699 277-279.)

250 3720 318 3787 Nos
341 3720 405 3803 ipsi
428 3739 499 3786 cum
523 3722 565 3786 ad
587 3724 832 3788 retractandam
852 3723 935 3787 hanc
959 3720 1179 3802 quaestionem
1204 3725 1339 3787 auctore

162 3826 330 3894 Friderico
357 3828 454 3893 Marx
486 3826 730 3912 aggrediamur,
761 3846 826 3894 non
856 3827 892 3894 iu
924 3828 1109 3897 universum
1138 3845 1270 3912 agemus
1299 3829 1340 3894 de

162 3933 349 4016 spondiacis
368 3939 403 4000 et
421 3934 642 4017 anapaesticis
661 3935 829 4004 vocabulis
847 3934 881 4000 in
900 3935 1113 4002 interioribus
1133 3933 1338 4018 dipodiarum

133 4086 135 4091 .
160 4040 299 4124 pedibus
323 4041 485 4123 adndssis3
513 4061 587 4108 num
611 4044 698 4125 quod
721 4044 764 4108 ad
787 4044 962 4109 secuudum
985 4042 1106 4110 senarii
1129 4045 1237 4124 locum
1260 4041 1338 4108 atti-
