3014 4642
637 187 858 251 ..90-

165 380 385 462 aequoniam
418 379 623 449 condiciones
655 400 740 463 quae
767 381 903 448 valeant
934 380 968 448 in
997 380 1166 449 vocabulis
1198 380 1337 466 spondei

163 506 344 554 mensuram
366 488 583 569 aequantibus
606 486 687 555 satis
706 488 899 571 explanasse
918 486 997 555 mibi
1016 487 1141 573 videor,
1164 488 1229 555 iam
1251 507 1339 555 nuno

164 596 383 676 quaerendum
407 599 472 678 est,
499 594 710 677 anapaestica
732 595 838 661 verba
864 594 900 661 in
927 596 1039 662 eodem
1061 595 1145 677 pede
1173 595 1339 663 collocata

163 701 351 783 aliquemne
369 701 643 786 comparationem
665 702 810 769 habeant
830 720 902 769 cnm
921 701 1116 785 spondiacis.
1153 701 1227 786 Qua
1246 702 1284 769 ln
1302 720 1338 768 re

163 809 366 890 exploranda
389 827 448 875 nos
470 828 532 875 non
557 808 692 893 effugiet
714 828 794 876 sans
812 811 973 891 ploraque
996 810 1039 875 ad
1062 809 1196 877 illorum
1221 807 1338 875 simili·

163 915 308 983 tudinem
335 921 403 981 tum
430 934 532 998 prope
559 917 730 999 accedere,
757 920 795 982 ut
823 921 937 996 poetas
965 919 1138 997 utrumqne
1165 916 1336 983 verborum

162 1040 266 1107 genus
288 1021 323 1089 in
341 1022 442 1089 tertio
464 1022 566 1089 afine
585 1024 669 1105 pede
687 1023 775 1089 clare
793 1021 987 1090 distinxisse
1006 1021 1063 1091 vix
1081 1025 1262 1106 putandum
1284 1021 1337 1090 sit

740 1221 766 1287 Ι.

251 1345 393 1411 Primum
417 1345 503 1413 enim
524 1344 673 1411 videmus
701 1346 932 1427 anapaesticus
955 1363 1054 1412 voces
1076 1345 1113 1411 in
1135 1344 1199 1410 boc
1222 1361 1337 1410 versus

163 1452 234 1518 loco
252 1452 332 1518 illos
351 1452 414 1518 sibi
431 1470 497 1519 non
517 1451 703 1535 indulsisse,
721 1451 786 1518 nisi
804 1451 936 1518 ultimos
955 1451 1037 1519 duos
1050 1453 1150 1534 pedes
1165 1451 1338 1535 explorent

163 1577 226 1626 uno
249 1559 419 1628 vocabulo.
466 1557 558 1642 Quae
581 1557 667 1625 ratio
691 1559 920 1641 comprobatur
944 1557 995 1624 bis
1019 1557 1192 1640 exemplis:

252 1668 291 1732 Α.
320 1666 360 1732 In
383 1665 523 1732 iambico
546 1664 676 1732 senario
1216 1677 1219 1680 ’

324 1775 352 1838 1.
375 1771 588 1856 anapaestica
610 1773 714 1841 verba

376 1900 405 1948 a
428 1881 515 1961 apud
538 1879 703 1946 Plautum:

187 1991 215 2054 1.
239 1989 309 2054 Cas.
333 1989 395 2054 128
419 2036 604 2053 .........
630 2004 802 2068 numquam
825 1987 943 2068 edepol
964 1986 1123 2053 ieiunium

186 2098 215 2161 2.
237 2094 348 2162 11116
371 2145 622 2162 ............
646 2112 731 2162 neve
754 2093 894 2160 animum
918 2094 1123 2175 despondeat

186 2205 215 2268 3.
238 2200 316 2267 ibid.
342 2204 427 2268 1094
451 2251 701 2270 ............
724 2205 762 2266 ut
784 2199 912 2283 faciam,
934 2198 1122 2267 Palaestrio

185 2311 215 2373 4.
238 2310 337 2375 Poen.
362 2311 426 2374 209
452 2359 704 2377 ............
728 2307 875 2389 lepidum
897 2309 1122 2390 spectaculum

187 2416 216 2480 5.
239 2414 319 2481 ibid.
342 2416 407 2481 475
436 2465 798 2482 .................
823 2413 962 2481 bominis
984 2412 1123 2481 volatici

187 2524 216 2588 6.
238 2522 321 2588 Rud.
342 2523 385 2587 54
409 2570 725 2589 ...............
749 2521 894 2588 homines
917 2519 1122 2602 voluptarios

186 2629 215 2695 7.
239 2628 319 2695 ibid.
342 2630 404 2693 145
436 2678 707 2695 .............
731 2629 892 2695 Venerem
915 2625 1123 2716 s[p]ectarier

186 2738 216 2801 8.
238 2735 317 2802 ibid.
338 2738 402 2803 606
433 2786 776 2802 ................
799 2735 865 2801 iam
887 2734 959 2800 lieri
982 2733 1123 2801 ferocior

376 2845 406 2908 b.
429 2844 515 2924 apud
538 2841 738 2908 Terentium:

186 2951 215 3015 9.
239 2949 355 3016 Hautt.
380 2950 441 3015 771
475 2999 660 3016 .........
689 2951 774 3029 qnod
797 2954 948 3031 superest
969 2946 1123 3015 fallaciae

377 3074 403 3121 c.
426 3047 515 3138 apud
537 3056 685 3136 reliquos
709 3059 822 3136 poetas
846 3058 965 3122 desunt
987 3056 1146 3137 exempla.

324 3164 353 3228 2.
376 3163 539 3229 vocabula
562 3167 742 3244 anapaesto
764 3160 861 3228 finita

377 3287 405 3334 a.
428 3270 516 3350 apud
538 3268 704 3335 Plautum:

166 3376 216 3440 10.
239 3375 332 3441 Asin.
349 3377 412 3440 105
436 3425 776 3442 ................
799 3374 936 3442 insidias
960 3376 1123 3442 devenero

166 3485 215 3548 11.
238 3481 315 3548 Aul.
339 3482 402 3548 557
434 3532 730 3549 ..............
758 3487 930 3564 praeterea
952 3480 1123 3549 tibicinam

167 3591 216 3655 12.
240 3588 359 3655 Bacch.
385 3591 447 3655 152
479 3639 685 3656 ..........
714 3588 911 3670 discipulum
937 3587 1123 3654 minitarier

166 3698 216 3762 13.
239 3695 318 3762 ibid.
341 3697 405 3762 300
430 3745 747 3762 ...............
771 3695 937 3762 continuo:
961 3695 1122 3778 postridie

166 3806 217 3870 14.
241 3803 333 3884 Capt.
357 3805 419 3869 671
446 3852 764 3870 ...............
787 3801 952 3869 falsidicis
973 3800 1122 3869 fallaciis

166 3912 216 3976 15.
238 3908 317 3975 ibid.
338 3909 401 3975 723
425 3959 742 3977 ...............
766 3909 920 3976 latomias
938 3907 1123 3990 lapidarias
1252 3949 1261 3958 ·

166 4020 216 4088 16.
239 4015 315 4083 ibid.
341 4017 404 4082 725
428 4067 703 4083 .............
726 4016 918 4099 sesquiopus
940 4014 1123 4084 confeceris
