3014 4642
639 223 861 287 „32-

165 426 294 486 merent
315 417 379 484 nisi
402 416 582 502 legitimam
610 415 797 484 effecissent
825 417 963 498 spondei
991 416 1247 485 excusationem:
1276 435 1342 498 qua

165 529 206 592 de
230 544 330 592 causa
350 524 470 606 uhiqne
492 525 631 591 ultimos
649 524 730 591 duos
748 525 848 605 pedes
869 523 1103 591 continuerunt
1121 542 1185 591 una
1204 541 1296 592 voce.

255 633 325 699 Iam
352 649 432 698 vero
462 629 616 697 reioimur
643 628 1027 714 supranominatum,
1055 629 1149 697 istic’.
1195 630 1341 714 Quorum

165 739 201 805 ‘o’
226 738 414 806 encliticum
439 739 588 820 quoniam
614 737 810 804 Skutschius
833 737 904 820 ipse
927 741 949 805 l.
973 759 998 804 s.
1021 759 1052 820 p.
1070 739 1134 805 128
1159 736 1341 820 comparari

165 849 240 914 vult
272 864 344 912 cum
377 845 461 912 elisa
492 847 615 913 vocula
647 845 681 911 iu
716 847 960 928 ιιιιοιιεῐιιιιιιεϋ,
996 843 1078 912 nihil
1109 845 1201 912 alind
1234 850 1342 911 restat

168 972 263 1034 quarn
287 959 324 1019 nt
347 953 388 1018 de
410 958 603 1018 accentuum
622 951 875 1036 condicionibus,
898 942 983 1034 quae
1005 951 1041 1018 in
1062 957 1200 1033 utroque
1222 952 1340 1019 verbo-

165 1080 234 1128 rum
258 1080 379 1146 genere
402 1062 547 1143 valcant,
571 1059 655 1126 idem
682 1058 823 1126 feramus
846 1059 1010 1127 iudicium.
1051 1059 1106 1124 Ad
1127 1058 1213 1124 hunc
1235 1058 1341 1142 igitur
1419 1106 1423 1114 .

165 1167 260 1234 finem
288 1167 510 1250 pervenimus:
544 1167 767 1249 pronominum
795 1166 888 1251 illie,
916 1166 1002 1233 istic’
1029 1165 1179 1231 similium
1206 1165 1340 1233 offensio

165 1293 229 1342 non
251 1275 355 1359 magis
379 1273 506 1340 lenitur
529 1273 611 1340 elisa
630 1272 796 1355 particula
817 1275 873 1339 ‘ee’
896 1271 1023 1356 suffixa,
1047 1291 1142 1354 quam
1161 1272 1265 1340 verba
1282 1291 1340 1340 ve·

164 1381 227 1447 luti
249 1381 472 1463 ‘praefectust’
495 1400 536 1447 ex
550 1380 708 1447 elisorum
731 1379 948 1447 inclinatione
965 1381 1266 1463 monosyllabarum
1285 1397 1340 1445 ex-

165 1487 363 1554 cusationem
386 1488 518 1554 habent.

254 1591 349 1677 Quod
371 1593 399 1660 si
426 1595 597 1677 probatur,
624 1593 809 1661 necessario
838 1594 967 1675 quidem
994 1599 1110 1676 poetas
1137 1595 1178 1660 de
1205 1593 1339 1660 illorum

165 1700 346 1783 asperitate
374 1701 552 1767 mollienda
579 1702 689 1768 eodem
718 1701 811 1768 modo
840 1719 972 1768 curasse
1001 1701 1258 1768 concludendum
1281 1705 1339 1766 est.

165 1807 230 1874 Sed
253 1806 282 1873 si
301 1809 445 1872 locorum
464 1806 601 1874 iudicem
622 1826 720 1890 supra
739 1807 889 1874 effectum
910 1806 1157 1892 examinaveris,
1181 1826 1222 1874 ex
1242 1816 1339 1889 purte

164 1915 385 1980 tantummodo
409 1914 620 1982 observatam
647 1933 719 1981 esse
747 1915 933 1982 ultimorum
957 1916 1073 1996 pedum
1097 1915 1337 1997 copulationem

164 2018 350 2104 intelleges.
396 2019 492 2085 Unde
520 2019 741 2104 consequitur,
770 2026 807 2087 ut
834 2022 905 2088 eins
932 2021 1063 2106 generis
1088 2021 1283 2104 pronomina
1303 2023 1338 2087 iu

164 2127 222 2193 illa
251 2127 328 2193 sede
358 2128 527 2193 collocata
560 2126 722 2209 propriam
752 2146 840 2194 suam
873 2131 1044 2210 postulent
1075 2128 1338 2210 explicationem.

164 2233 255 2300 Idem
278 2233 437 2302 videlicet
460 2233 551 2300 cadit
572 2233 607 2301 in
631 2233 765 2318 formas,
793 2253 885 2316 quae
899 2235 935 2301 ‘c’
958 2234 1113 2302 enclitico
1140 2254 1205 2303 non
1227 2235 1337 2302 term·

164 2345 290 2407 nentur.
335 2340 416 2406 Nam
444 2339 472 2405 si
500 2338 590 2421 illic,
613 2340 700 2407 illuc’
727 2341 762 2407 in
789 2341 889 2408 turtio
912 2361 933 2408 a
955 2341 1019 2408 flne
1043 2342 1126 2424 pede
1156 2342 1338 2409 constituta

163 2447 385 2530 rhythmorum
409 2448 584 2514 concentui
611 2448 880 2532 aduenticium,
908 2467 949 2515 ne
977 2467 1018 2515 ea
1044 2448 1172 2530 quidam
1197 2448 1337 2531 quaein

65 2600 67 2604 ψ
164 2554 248 2620 hanc
270 2553 466 2637 particulam
489 2573 554 2622 non
573 2554 724 2621 desinant
747 2556 783 2621 in
804 2555 921 2622 ultima
939 2562 1038 2623 acuta
1059 2556 1198 2637 ideoque
1221 2555 1256 2622 in
1273 2556 1338 2623 illa

163 2680 278 2729 versus
305 2662 383 2728 sede
405 2663 552 2728 tolerata
580 2680 650 2728 esse
678 2661 739 2728 tibi
767 2662 989 2744 persuadebis.
1033 2663 1147 2744 Neque
1174 2661 1274 2746 enim,
1301 2669 1338 2728 ut

164 2769 342 2850 exemplum
361 2769 505 2853 afferam,
523 2769 558 2835 in
576 2769 659 2836 Rud.
674 2790 705 2833 v.
723 2771 807 2836 1278
827 2769 933 2854 ‘Quid
951 2789 1081 2851 eampse
1099 2769 1215 2836 illam?
1232 2767 1245 2857 ΙΙ
1265 2770 1336 2836 Non

164 2877 288 2943 censeo’
314 2875 455 2959 cogitari
478 2876 560 2942 licet
581 2876 696 2942 ‘illam’
724 2874 889 2958 proclisim
913 2896 1041 2958 possum
1066 2883 1243 2961 oxytonum
1266 2897 1337 2959 pro·

164 2982 378 3049 nuntiandum
401 3000 484 3065 esse,
506 2982 638 3049 tametsi
657 2982 854 3049 Skutschius
877 2984 920 3049 ad
943 2985 1147 3066 syllabarum
1170 2982 1336 3050 elisionem

163 3109 221 3156 nos
250 3094 400 3173 revocat,
433 3108 528 3170 quam
561 3088 659 3156 etiam
682 3089 717 3156 in
744 3108 847 3172 pausa
874 3090 938 3156 sibi
966 3089 1190 3158 concesserint
1220 3095 1338 3172 poetae

164 3196 197 3281 (l.
220 3215 244 3261 s.
268 3215 298 3277 p.
326 3195 414 3281 135);
442 3195 498 3276 qui
526 3196 627 3261 multo
656 3196 770 3264 melius
798 3198 994 3263 seutentiam
1020 3216 1111 3264 suam
1134 3197 1231 3264 uobis
1253 3216 1336 3264 com·

163 3303 337 3384 probasset
358 3302 517 3368 similibns
542 3301 658 3368 allatis
681 3302 830 3387 vocibus,
854 3322 934 3385 quas
957 3307 1114 3388 neglecta
1136 3322 1242 3386 pausa
1264 3324 1337 3386 per·

163 3427 378 3491 senarumque
407 3408 480 3476 vice
512 3408 590 3491 quin
620 3409 811 3491 proclitieas
838 3410 994 3494 intellegi
1023 3416 1142 3494 poetae
1169 3411 1337 3479 voluerint

164 3517 296 3583 dubium
319 3535 384 3584 non
407 3516 569 3584 videatur.
615 3516 699 3584 Dein
723 3516 752 3583 si
771 3537 807 3583 re
829 3536 911 3584 vera
928 3517 994 3584 illa
1015 3517 1205 3602 pronomina
1228 3516 1263 3583 in
1285 3519 1337 3583 ul·

164 3621 244 3689 tima
266 3628 424 3690 acuerunt
447 3642 582 3705 eamque
606 3625 647 3690 ob
672 3643 802 3690 causam
825 3624 1026 3691 admiserunt
1048 3625 1082 3691 iu
1106 3624 1207 3692 tertio
1231 3644 1252 3690 a
1273 3624 1337 3690 fine

163 3731 260 3813 pade,
288 3747 422 3795 curnam
449 3729 503 3796 hic
526 3730 601 3797 illic
625 3732 767 3813 spondeo
790 3733 976 3799 excusando
1000 3751 1080 3798 sane
1104 3733 1338 3799 consuluerunt

162 3836 279 3903 iisdem
301 3836 454 3903 remediis
477 3837 540 3920 usi,
568 3838 685 3918 quibus
711 3837 813 3905 omnis
836 3839 1005 3920 spondiaci
1029 3838 1185 3907 vocabuli
1208 3837 1338 3906 offensi·

163 3962 256 4011 ouem
292 3942 473 4028 infringere
509 3945 658 4012 soleant?
704 3944 777 4028 Qua
814 3948 855 4012 de
892 3965 992 4012 causa
1028 3945 1160 4028 scripsit
1195 3946 1337 4013 Plautus

163 4051 281 4117 Bacch.
295 4053 360 4117 599
384 4052 501 4117 ‘dicam
524 4051 578 4116 illi
598 4050 763 4133 periculo,
786 4051 936 4134 idemque
958 4072 1053 4133 qnam
1079 4055 1119 4121 ob
1143 4071 1213 4119 rem
1231 4051 1337 4121 voluit
