3014 4642
636 225 858 289 ..45-

160 421 330 486 Accedunt
353 418 409 501 qui
431 417 505 485 aliis
528 418 774 500 pronominibus
799 438 869 484 cunr
894 421 1006 485 eodem
1030 417 1239 486 substantivo
1262 434 1335 484 oon·

161 527 281 594 iunctis
304 527 554 594 concluduntur:

258 633 361 700 Stich.
385 635 450 700 239
475 684 640 700 ........
665 634 736 701 Non
758 633 793 699 id
821 640 872 698 est
898 650 1014 700 nomeu
1041 633 1122 700 mihi

257 740 346 807 Trin.
370 742 434 808 889
459 791 734 807 .............
758 739 793 806 id
821 745 873 805 est
899 758 1016 807 nomen
1044 739 1123 805 mibi

258 849 376 915 Pseud.
400 850 464 914 655
489 899 496 911 .
511 898 763 915 ............
787 848 850 913 hoo
871 865 989 914 nomen
1011 846 1124 914 mihist

258 955 347 1021 Pers.
369 957 433 1022 623
459 1006 732 1021 .............
757 953 844 1036 Quid
866 972 982 1020 nomen
1005 953 1122 1020 tibist?

258 1063 376 1129 Pseud.
400 1064 463 1129 637
494 1112 745 1128 ............
768 1062 808 1128 id
832 1067 883 1128 est
905 1080 1021 1128 nomen
1044 1061 1123 1127 mihi

259 1169 377 1235 Pseud.
399 1171 464 1235 639
489 1221 630 1235 .......
655 1168 823 1252 Quidquid
846 1174 897 1235 est
919 1187 1036 1236 nomen
1059 1168 1123 1235 tibi

261 1275 361 1343 Stich.
386 1278 451 1343 240
475 1327 749 1342 .............
772 1275 807 1340 id
829 1274 894 1341 fuit
921 1293 1037 1343 nomen
1060 1274 1122 1341 tibi

260 1383 390 1450 Oisteil.
416 1384 479 1449 772
505 1435 621 1449 ......
646 1385 704 1449 sed
727 1381 807 1464 quid
830 1386 882 1448 est
904 1400 1020 1449 nomen
1043 1387 1121 1449 tuae

260 1491 345 1556 Men.
370 1491 433 1556 498
458 1541 598 1556 .......
623 1508 755 1572 quaeso,
778 1489 856 1571 quid
873 1507 988 1556 nornen
1006 1486 1122 1555 tibist?

250 1596 348 1664 Dicet
371 1595 530 1678 quispiam
554 1597 658 1663 verba
680 1595 728 1663 ita
751 1594 941 1662 commutari
964 1615 1068 1679 posse,
1090 1601 1129 1662 ut
1151 1594 1246 1663 salva
1264 1612 1337 1663 ver·

162 1705 275 1771 borum
299 1704 530 1770 consecutione
553 1704 677 1770 nomen
699 1705 812 1769 meum’
835 1708 944 1768 tamen
966 1704 1157 1785 depellatur
1174 1701 1337 1784 spondeus

163 1832 205 1877 ex
219 1811 280 1877 1118
296 1811 381 1894 sede,
400 1809 448 1876 sic
466 1810 651 1878 scribendo:
671 1812 686 1875 ‘.
701 1862 709 1876 .
724 1861 752 1877 ..
772 1809 860 1877 nosti
878 1828 943 1875 non
959 1828 1075 1876 nomen
1093 1810 1214 1875 meum’.
1244 1806 1336 1890 Quae

31 2007 36 2019 ἱ
162 1917 248 1984 ratio
266 1936 331 1983 non
353 1916 458 1982 minus
477 1916 689 2001 impugnatur
707 1916 854 1983 codicum
873 1916 1038 1999 scriptura
1057 1935 1152 1999 quam
1171 1915 1235 1982 illa
1253 1935 1337 1997 quae

163 2025 230 2094 viri
257 2024 347 2092 docti
372 2029 622 2107 proposuerunt.
667 2024 809 2090 Maxime
839 2029 948 2089 autem
977 2024 1134 2106 displicet
1161 2027 1338 2106 propterea

163 2134 240 2215 quia
263 2133 404 2199 Plautus
426 2131 502 2197 huic
526 2132 627 2199 verbo
656 2149 784 2214 semper
806 2131 1035 2213 praeposuisse
1058 2129 1266 2215 negationem
1289 2128 1338 2197 vi·

163 2242 268 2307 detur.
292 2239 396 2325 (Cous.
415 2239 500 2305 Men.
519 2240 585 2305 499
608 2237 712 2319 ‘quasi
735 2257 850 2304 nomen
872 2257 936 2306 non
956 2237 1095 2305 noveris’
1118 2242 1153 2303 et
1171 2237 1256 2303 Rud.
1272 2238 1336 2304 730

162 2346 255 2413 Asin.
281 2348 346 2412 348
378 2344 584 2431 rupicosa).
631 2345 723 2428 Quae
747 2364 819 2411 oum
845 2344 895 2411 ita
917 2345 998 2428 sint,
1030 2344 1064 2410 in
1093 2342 1242 2411 omnibus
1265 2342 1338 2410 illis

163 2455 378 2535 spondeorum
403 2453 561 2535 exemplis
584 2452 716 2536 integra
738 2451 959 2533 relinquamus
982 2450 1137 2518 librorum
1161 2451 1338 2534 verbane

163 2561 320 2627 Plautum
347 2559 451 2642 ipsum
480 2559 690 2644 corrigamus.
739 2558 851 2640 Neque
879 2559 1051 2640 quicquam
1078 2556 1231 2642 impedit,
1259 2576 1338 2638 quo·

165 2667 267 2734 minus
291 2685 375 2748 quae
395 2665 459 2731 iam
480 2686 579 2748 snpra
598 2667 917 2733 commemoravimus
935 2667 976 2732 de
994 2663 1215 2747 pronominum
1234 2663 1338 2732 encli-

163 2775 231 2840 tica
253 2779 373 2840 natura
395 2773 429 2838 in
451 2772 539 2841 locos
560 2773 640 2840 illos
663 2778 898 2841 convertamus.
935 2772 1103 2839 Habemus
1126 2771 1230 2856 igitur
1252 2771 1339 2856 legi·

164 2882 273 2948 timam
297 2881 547 2963 spondiacarum
567 2899 682 2948 vocum
705 2879 959 2947 excusationem.
995 2881 1046 2946 Ac
1065 2898 1146 2947 vera
1163 2897 1235 2945 esse
1254 2897 1339 2960 quae

164 2988 300 3055 dicimus
318 2987 359 3053 iis
377 2986 578 3071 potissimum
592 2987 741 3055 versibus
761 2987 978 3071 confirmatur,
996 3005 1132 3068 quorum
1150 2986 1186 3052 in
1200 2987 1338 3052 eundem

164 3096 279 3177 pedem
293 3094 408 3160 iisdem
423 3094 669 3160 condicionibus
683 3093 826 3161 servatis
840 3100 938 3176 poeta
953 3093 1116 3176 receperit
1126 3091 1340 3174 anapaestico

165 3203 341 3269 vocabula:

264 3310 363 3375 Mero.
383 3311 446 3374 705
471 3358 812 3376 ................
835 3309 938 3375 rediit
955 3328 1037 3376 uxor
1054 3327 1126 3375 mea

263 3416 353 3483 Pers.
377 3416 441 3481 579
465 3466 716 3482 ............
740 3416 919 3483 vendidero
939 3415 1047 3496 pretio
1065 3434 1125 3482 suo

264 3522 338 3592 Aul.
361 3525 427 3589 464
450 3571 654 3589 ..........
679 3522 887 3605 subriperent
909 3522 1026 3589 misero
1046 3522 1124 3588 mihi

265 3630 353 3696 Trin.
377 3633 442 3697 918
466 3680 717 3696 ............
742 3636 871 3714 egomet
894 3630 1024 3696 memini
1047 3629 1125 3695 mihi

265 3739 360 3804 Truc.
383 3739 446 3803 431
472 3787 701 3804 ...........
725 3736 895 3818 paeniteat
914 3736 1027 3803 mittas
1048 3735 1126 3801 mibi

168 3849 207 3912 de
231 3844 349 3925 quibus
371 3849 486 3926 postea
510 3843 734 3910 disserendum
758 3845 832 3911 erit.
