3014 4642
683 219 928 286 -102-

313 435 343 496 p.
367 417 419 498 98,
443 417 486 481 80
506 465 780 483 .............
800 415 967 482 condoluit
989 415 1063 483 nisu
1086 418 1175 483 latus

313 541 344 604 p.
369 523 442 606 107,
466 521 529 589 377
546 573 710 590 ........
729 522 760 588 si
783 521 902 607 sapias,
924 522 975 589 nil
997 528 1049 591 est
1071 543 1175 609 grave

304 771 369 838 Sed
400 770 464 838 iam
496 773 540 838 ad
570 772 666 840 finem
697 772 910 854 perduximus
942 771 1203 840 dissertationem
1231 777 1389 840 nostram.

215 879 324 960 Atque
351 883 393 955 nt
425 878 612 947 universum
645 881 686 946 de
718 885 789 946 tota
821 878 1013 961 quaestione
1050 879 1193 946 feramus
1224 879 1389 965 indicium,

214 985 277 1052 hoc
300 985 377 1052 erit:
400 991 531 1055 veteres
554 986 771 1053 Romanorum
793 993 909 1069 poetas
933 992 1042 1053 certos
1065 986 1210 1069 fixosque
1232 987 1389 1055 terminos

214 1080 319 1174 aeque
351 1092 561 1160 conrutituise
597 1092 632 1159 in
667 1093 853 1176 spondiacis
889 1099 924 1160 et
954 1094 1178 1176 anapaesticis
1208 1094 1320 1160 verbis
1352 1095 1388 1161 in

214 1200 349 1266 tertium
372 1221 392 1266 a
414 1199 478 1267 iine
500 1202 614 1283 pedem
637 1200 856 1267 admittendis.
904 1199 993 1283 Quos
1015 1198 1171 1284 imprimis
1194 1201 1290 1268 illam
1313 1220 1388 1268 nor·

214 1325 298 1372 mam
320 1306 384 1374 sibi
408 1306 556 1374 sanxisse
574 1306 730 1390 ridemus,
752 1312 791 1373 ut
813 1308 989 1389 spondeum
1013 1308 1067 1375 vel
1090 1313 1300 1390 anapaestum
1323 1329 1386 1377 nno

213 1414 311 1500 longo
325 1415 486 1483 vocabulo
500 1414 573 1488 sive
593 1414 758 1481 artissima
776 1415 949 1482 verborum
963 1414 1174 1498 copulatione
1189 1415 1388 1501 exciperent,

214 1519 331 1603 quibus
354 1524 550 1605 expleantur
577 1520 684 1588 ultimi
712 1523 774 1588 duo
797 1523 907 1604 pedes.
951 1522 1047 1589 Hanc
1070 1523 1335 1589 consuetudinem
1358 1523 1387 1590 si

213 1630 286 1695 sola
316 1629 449 1714 linguae
479 1628 679 1696 necessitate
711 1630 959 1713 deduceremus,
990 1629 1120 1696 minime
1150 1628 1246 1696 iustis
1278 1630 1385 1697 landi-

212 1736 275 1802 bns
298 1736 484 1803 efferremus
500 1736 616 1803 Plauti
636 1735 843 1821 elegantiam,
867 1754 960 1818 quem
984 1734 1146 1802 latissime
1168 1735 1262 1803 illam
1285 1737 1387 1804 11111-

212 1841 294 1910 tiam
325 1842 389 1909 sibi
421 1845 623 1911 concessisse
655 1845 865 1912 ostendimus.
917 1845 1017 1910 Immo
1050 1861 1129 1911 uero
1161 1843 1247 1910 hanc
1272 1844 1386 1929 legem,

212 1969 277 2031 qna
295 1951 437 2017 Plautus
460 1950 626 2032 ceterique
648 1952 681 2017 in
705 1953 848 2034 spondeo
871 1957 906 2017 et
928 1956 1108 2034 anapaesto
1132 1950 1327 2034 usurpandis
1350 1971 1386 2017 se

212 2063 439 2142 coercuerunt,
474 2057 562 2124 inter
593 2057 809 2143 gravissimas
841 2058 1020 2124 habeamus
1052 2077 1185 2126 necesse
1218 2063 1270 2124 est
1301 2077 1386 2139 quae

210 2164 348 2231 valeant
370 2165 404 2231 in
426 2165 568 2232 iambica
591 2171 741 2232 veterum
763 2165 980 2232 Romanorum
1002 2165 1101 2248 poesi
1143 2163 1276 2231 Etiam
1299 2164 1385 2232 anti-

212 2271 377 2353 quissimis
411 2253 603 2340 litterarum
645 2272 846 2355 temporibus
889 2271 1045 2338 eiusmodi
1081 2272 1256 2338 verborum
1293 2290 1384 2338 usum

210 2384 324 2461 poetas
353 2377 421 2445 illis
451 2379 697 2446 condicionibus
726 2379 1032 2464 circumscripsisse,
1062 2377 1182 2461 optime
1209 2379 1316 2445 elucet
1344 2399 1386 2445 ex

210 2484 297 2553 Livii
319 2485 502 2552 Andronici
525 2505 623 2554 versu
647 2489 690 2552 40
704 2486 747 2552 R:

307 2593 487 2660 Puerorum
509 2592 656 2659 manibus
680 2591 862 2660 confectum
884 2595 1099 2675 pulcerrume.

208 2699 262 2766 Ex
276 2699 424 2767 omnibus
439 2704 557 2784 autem,
577 2698 632 2780 qui
651 2698 819 2766 coluerunt
832 2704 980 2768 veterem
1000 2700 1171 2785 senarium,
1191 2718 1273 2766 unns
1292 2702 1384 2767 solus

208 2811 332 2891 exstat,
362 2807 417 2889 qui
447 2827 580 2891 prorsus
610 2807 755 2875 evitasse
787 2807 922 2874 videtur
952 2809 1115 2891 spondeos
1146 2813 1384 2890 anapaestosve

208 2913 242 2979 11
271 2913 483 2981 interioribus
513 2914 717 2997 dipodiarum
745 2914 837 2998 locis,
867 2952 909 2962 —
938 2915 1124 2981 Phaedrum
1153 2914 1233 2981 dico.
1280 2913 1381 2997 Quem

207 3020 307 3086 etiam
329 3021 371 3086 iis
394 3021 427 3087 in
451 3021 610 3106 versibus,
633 3021 689 3089 nbi
713 3021 861 3103 quintum
885 3028 919 3087 et
938 3027 1064 3087 sextum
1083 3023 1197 3104 pedem
1217 3040 1282 3088 nna
1299 3040 1383 3090 voce

207 3128 427 3212 occupaverit,
451 3147 515 3194 non
538 3128 675 3196 invitum
700 3126 867 3213 defugisse
890 3128 1067 3212 spondiaco
1090 3130 1146 3197 vel
1170 3128 1383 3211 anapaestico

206 3235 310 3302 verba
333 3235 475 3302 dilucide
497 3235 713 3317 perspicimus
736 3255 776 3301 ex
799 3234 850 3301 his
874 3235 1047 3318 exemplis:

302 3359 441 3426 Phaedr.
458 3361 545 3438 57‚4
570 3359 709 3446 (Havet)
733 3358 826 3443 Quae
848 3374 952 3444 genus
976 3366 1148 3442 unumque
1171 3363 1284 3427 nosset
1307 3379 1380 3441 qum

1162 3466 1381 3551 pulcherrime

205 3589 295 3676 (nonz
319 3610 394 3672 qum
417 3596 529 3658 nosset
551 3592 783 3679 pulcherrime)

305 3701 377 3783 las
402 3697 492 3765 Onus
514 3702 655 3765 naturae
677 3698 796 3766 melius
819 3718 882 3781 quo
906 3701 1084 3782 deponeret

204 3823 296 3908 (nont
320 3842 383 3904 quo
406 3822 524 3890 molins
547 3823 738 3909 deponeret)

294 3949 388 4030 lese
411 3949 451 4014 In
474 3946 682 4030 disciplinam
705 3967 809 4030 nuper
832 3967 926 4030 quem
949 3953 1122 4030 receperat

205 4052 293 4141 (nom
317 4073 411 4136 quem
432 4074 538 4137 nuper
559 4055 745 4141 receperat)
