3014 4642
643 247 866 311 ..43-

253 439 293 507 In
307 440 412 508 altero
426 460 534 525 versu,
553 459 645 522 quem
660 459 760 523 supra
773 440 954 523 attulimus,
974 441 1198 525 Brugmannus
1213 440 1341 523 quidem

163 546 252 614 ‘ilex’
272 547 412 615 iambum
431 546 629 614 metiendum
648 567 719 614 esse
737 548 869 629 putavit
887 547 923 634 (l.
939 567 962 614 s.
977 568 1006 630 p.
1022 548 1088 634 30),
1107 547 1184 628 quia
1199 548 1343 616 Bueche-

164 657 256 722 lerus
279 673 320 720 ex
343 653 440 723 Nonii
463 654 576 739 libris,
600 654 655 736 qui
679 657 815 721 eundem
838 673 968 722 versum
993 654 1143 739 tradidit,
1172 654 1342 722 iambicam

163 761 316 828 vocabuli
342 762 476 830 formam
506 761 629 829 eruisse
656 760 723 828 sibi
746 761 835 829 visus
863 767 923 828 est.
951 760 1005 848 (cf.
1028 761 1121 828 ‘decl
1145 763 1213 829 lat’
1235 783 1265 845 p.
1292 765 1341 829 14.

163 868 236 937 sive
259 868 443 936 ‘Grundr'iis
468 871 499 936 d.
526 871 583 936 lat.
606 868 736 936 Declin’
760 870 912 935 translat.
937 888 957 934 a
978 871 1003 935 I.
1019 869 1235 937 Windekilde
1256 872 1341 938 1879

164 995 194 1057 p.
217 975 291 1061 31.).
339 976 441 1060 Quam
469 995 653 1043 mensuram
681 975 827 1060 flagitari
856 978 896 1043 ob
924 976 1022 1043 metri
1049 978 1153 1044 solam
1180 977 1341 1045 rationem

163 1082 316 1163 equidem
335 1083 533 1167 negaverim,
557 1082 708 1164 qnoniam
725 1084 826 1165 pedes
845 1084 1022 1165 spondeum
1040 1082 1250 1165 insequentes
1268 1090 1341 1151 arte

164 1191 363 1271 copulantur
392 1191 505 1258 verbis
537 1190 638 1256 ‘labes
670 1189 783 1273 popli’,
816 1209 900 1271 quae
929 1189 1161 1275 intellegamus
1190 1197 1343 1274 oporteat

164 1301 328 1379 tamquam
350 1316 448 1364 unum
472 1297 674 1365 uocabulum.
710 1297 823 1379 Neque
846 1315 925 1363 vero
949 1296 1076 1364 omnino
1100 1304 1228 1364 tantum
1247 1301 1342 1366 valet

163 1403 299 1486 spondei
332 1404 481 1489 offensio,
515 1404 591 1487 quia
621 1404 759 1470 Plautus
789 1403 859 1486 ipse
888 1405 973 1470 banc
1002 1423 1114 1472 vocem
1144 1425 1184 1471 ex
1215 1406 1341 1473 duabus

163 1511 383 1594 composuisse
406 1511 540 1579 videtur
562 1511 837 1594 compositamque
860 1531 932 1577 esse
956 1531 1028 1578 eam
1055 1511 1127 1579 fore
1150 1519 1188 1580 nt
1209 1514 1341 1580 intelle·

163 1623 282 1703 gerent
311 1617 478 1685 auditores
509 1619 725 1701 exspectavit.
780 1617 832 1683 Ex
861 1617 995 1685 Caecilii
1024 1619 1209 1703 fragmento
1240 1620 1340 1707 (Com.

165 1727 202 1791 a
226 1725 266 1792 ir.
284 1747 315 1809 p.
330 1727 381 1792 51.
405 1746 435 1792 v.
451 1726 517 1812 60.)
541 1727 581 1791 de
602 1725 720 1808 prioris
744 1727 896 1807 syllabae
920 1725 1103 1807 quantitate
1123 1727 1170 1793 nil
1190 1727 1340 1794 efficitur.

165 1833 316 1900 Ceterum
340 1832 496 1899 eiusmodi
520 1835 672 1916 exempla
695 1851 778 1914 quac
803 1831 851 1898 ita
873 1837 950 1898 sunt
973 1839 1170 1916 comparata,
1194 1844 1232 1900 ut
1250 1840 1341 1902 totus
1446 1829 1448 1834 ’

163 1941 281 2007 versus
308 1939 402 2021 quasi
429 1939 631 2008 dissolvatur
657 1940 692 2006 in
720 1939 866 2023 singulas
889 1944 1001 2022 partes
1025 1940 1156 2025 singula
1178 1943 1341 2009 vocabula

164 2048 343 2130 amplexas,
362 2052 481 2129 poetae
501 2046 718 2114 conformasse
733 2047 889 2115 videntur
908 2051 1007 2129 paulo
1021 2048 1165 2116 liberius.
1193 2049 1339 2130 Namque

164 2173 248 2236 quae
272 2154 318 2221 sit
340 2154 511 2237 anapaesti
534 2154 681 2222 condicio
705 2154 801 2223 velim
826 2154 1011 2222 consideres
1034 2155 1068 2221 in
1091 2157 1152 2223 hoc
1176 2175 1285 2223 versu:

262 2262 361 2329 Merc.
386 2263 451 2328 846
478 2261 603 2345 Vitam,
631 2261 821 2345 amicitiam,
849 2242 1030 2345 ciuitatem,
1056 2264 1123 2329 lae·

378 2367 496 2452 titiam,
518 2371 641 2452 ludum,
663 2368 768 2435 iocum

258 2638 288 2703 5.
311 2637 366 2702 De
389 2635 678 2719 pronominibus
702 2635 740 2701 in
763 2637 872 2702 exitu
896 2656 1074 2704 versuum
1097 2637 1248 2720 positis.

253 2796 452 2865 Pronomiua
478 2796 668 2880 personalia
696 2802 730 2863 et
757 2797 943 2878 possessiva
970 2796 1057 2863 haud
1082 2817 1158 2864 raro
1182 2805 1338 2866 accentus

163 2904 315 2972 enclisim
348 2902 459 2971 subire
488 2903 635 2987 Lindsay
666 2908 756 2970 recte
786 2902 923 2986 monuit,
956 2903 1012 2984 qui
1041 2923 1082 2968 ex
1111 2904 1171 2969 tali
1201 2904 1339 2972 licentia

163 3017 355 3080 contractas
385 3030 495 3078 eorum
525 3011 646 3077 formas
674 3011 782 3078 veluti
811 3012 881 3076 ‘sos’
910 3010 981 3096 (pro
1012 3011 1119 3097 ‘suos')
1147 3017 1240 3077 ortas
1267 3032 1337 3078 esse

162 3120 354 3187 arbitratur.
401 3118 490 3202 Quas
519 3117 668 3200 profecto
694 3122 825 3185 veteres
854 3124 971 3200 poetas
1001 3117 1163 3183 interdum
1191 3120 1337 3200 posuisse

162 3231 200 3292 ut
222 3226 404 3308 encliticam,
426 3226 548 3307 optime
571 3224 781 3291 confirmatur
803 3224 892 3291 hisce
916 3224 1015 3290 Ennii
1037 3226 1201 3292 versibus:

240 3332 346 3399 annal.
372 3333 433 3398 101
459 3330 546 3399 Vahl
569 3381 729 3399 ........
753 3332 917 3398 Romanus
944 3332 1046 3398 habet
1069 3350 1124 3398 sas

372 3441 436 3504 256
461 3490 757 3506 ..............
780 3439 955 3504 hortantur
982 3438 1047 3505 ibei
1070 3457 1123 3504 sos

370 3548 435 3613 356
459 3596 709 3612 ............
733 3564 911 3612 memorare
937 3544 1044 3612 solent
1071 3564 1123 3612 sos

161 3657 310 3736 Itemque
328 3655 469 3720 Plautus
494 3658 527 3720 et
546 3652 721 3719 Terentius
739 3653 967 3735 monosyllaba
985 3653 1177 3734 pronomina
1195 3655 1266 3735 ‘me3
1290 3661 1337 3736 te;

161 3763 207 3828 se'
228 3779 458 3842 nonnunquam
476 3759 510 3825 in
533 3778 684 3827 versuum
708 3759 801 3824 finem
824 3758 873 3824 ita
894 3758 1088 3840 reiecerunt,
1111 3765 1149 3824 ut
1167 3762 1208 3825 de
1227 3779 1335 3827 eorum

162 3867 280 3936 enclisi
308 3866 452 3934 dubitari
479 3872 630 3948 nequeat,
653 3905 693 3914 --
719 3865 806 3932 sicut
827 3865 858 3930 in
884 3865 934 3930 his
957 3865 1105 3931 iambicis
1128 3867 1336 3947 septenariis:

162 3974 255 4043 Asin.
275 3977 350 4041 411.
371 3976 445 4041 487.
465 3975 540 4040 493.
568 3973 696 4039 Cistell.
721 3974 793 4039 729.
821 3971 916 4053 Epid.
936 3973 1009 4037 358.
1033 3971 1101 4037 Mil.
1127 3976 1221 4038 1234.
1244 3973 1335 4041 Pers.

163 4085 215 4150 43.
238 4082 320 4151 llun.
341 4082 435 4150 1012.
460 4082 587 4150 Phorm.
606 4082 680 4146 486.
717 4080 829 4170 Neque
851 4078 1064 4154 infitiabimur
1084 4083 1220 4159 eundem
1242 4099 1335 4161 usum
