3014 4642
643 244 863 308 ..59..

161 440 296 522 multis,
320 439 460 505 Bothius
483 439 533 504 ita
557 437 772 520 transposuit:
796 436 914 502 ‘multis
938 436 1017 518 qnid
1039 437 1167 505 verbis'.
1209 435 1282 520 Qua
1304 437 1338 503 in

161 565 199 612 re
232 547 405 613 dolendum
438 551 490 612 est
521 548 608 626 quod
637 542 844 611 Ambrosiam
875 543 1096 610 testimonium
1123 544 1339 626 desideratur,

162 660 200 718 ut
218 652 443 719 Palatinarum
465 652 529 718 fide
553 655 626 718 sola
647 651 748 717 innisi
770 655 914 716 nostram
937 650 1136 716 sententiam
1157 649 1338 716 fulciamus,

161 759 230 826 Sed
251 768 289 825 ut
310 758 571 841 praetermittam
594 758 704 840 libros,
730 777 772 822 ne
795 777 835 822 ox
858 776 1006 823 sermono
1029 758 1160 839 quidem
1182 757 1338 823 Plautino

161 867 296 932 videtur
330 867 436 934 verba
471 865 520 932 ita
554 866 722 933 invertere
765 869 803 931 ut
841 863 936 945 ‘quid'
976 864 1126 931 obtineat
1164 867 1338 930 secundum

161 974 280 1053 locum,
308 992 378 1039 cum
406 973 491 1039 tales
519 972 797 1054 interrogationes
825 990 906 1052 quas
934 970 1134 1053 appellamus
1157 970 1338 1036 rhetoricas

162 1081 206 1146 ab
234 1079 472 1165 interrogativo
502 1077 691 1160 pronomine
718 1077 819 1143 ordiri
846 1077 988 1159 soleant,
1010 1077 1044 1142 id
1073 1079 1160 1160 quod
1185 1077 1236 1143 his
1259 1078 1339 1142 illu-

161 1192 290 1252 stratur
313 1186 481 1269 exemplis:

261 1295 360 1360 Poen.
386 1296 450 1359 702
470 1324 512 1350 =
531 1294 613 1359 Eun.
637 1295 701 1358 568
725 1291 812 1374 Quid
834 1293 936 1358 multa
959 1291 1082 1360 verba?

262 1401 353 1466 Trin.
379 1403 442 1467 770
466 1399 554 1483 Quid
576 1405 643 1465 tum
667 1399 803 1480 postea?

262 1508 346 1573 Rud.
372 1508 434 1573 177
468 1506 555 1590 Quid
577 1507 613 1572 id
635 1505 738 1572 refert
759 1506 839 1571 tua?

165 1619 200 1680 et
225 1633 265 1680 oa
287 1615 360 1696 ipsa
383 1615 417 1680 in
440 1614 612 1696 locutione,
636 1616 677 1680 de
700 1633 765 1695 qua
788 1620 896 1680 actum
921 1618 972 1680 est
995 1612 1062 1698 (pp.
1087 1616 1137 1679 57.
1162 1612 1227 1699 58).

263 1809 295 1876 O.
328 1809 384 1874 De
403 1809 700 1891 spondiacarum
717 1826 848 1875 vocum
868 1807 1067 1890 exemplis,
1087 1827 1182 1889 quae
1202 1827 1338 1875 carere

538 1915 726 1981 videntur
749 1913 848 1981 omni
871 1915 1134 1981 excusatione.

253 2042 321 2107 Iam
350 2060 428 2109 vero
461 2043 504 2107 ad
532 2059 587 2106 eos
620 2048 826 2106 transeamus
849 2058 976 2122 versus,
1005 2058 1139 2120 quorum
1162 2041 1340 2122 spondiaco

164 2151 267 2218 verba
289 2168 430 2231 quanam
453 2148 581 2215 ratione
604 2147 668 2214 sibi
690 2147 891 2214 indulserint
912 2152 1032 2230 poetae
1054 2165 1119 2213 non
1142 2149 1227 2214 satis
1250 2151 1339 2214 clare

164 2262 199 2323 et
230 2256 386 2322 distincte
419 2255 659 2337 perspiciamus.
711 2255 822 2336 Atque
853 2253 981 2320 initium
1014 2253 1174 2320 faciamus
1204 2257 1245 2321 ab
1277 2255 1340 2322 hoc

163 2363 235 2429 loco
258 2361 427 2429 facillimo:

264 2469 389 2536 Cistell.
400 2471 464 2534 515
485 2471 603 2550 Itaque
616 2488 666 2534 me
681 2469 748 2550 Ops
763 2470 929 2552 opulenta,
944 2467 1037 2535 illius
1051 2469 1131 2535 avia
1145 2507 1187 2517 —
1205 2466 1217 2556 ll
1238 2469 1339 2535 Immo

1080 2580 1187 2642 mater
1210 2576 1340 2657 quidem

165 2685 221 2751 Sic
245 2684 272 2749 P
295 2688 329 2750 et
352 2684 390 2749 A.
432 2685 523 2748 Idem
550 2701 615 2748 una
638 2701 709 2748 cum
732 2685 948 2749 antecedente
970 2701 1085 2750 versus
1107 2682 1230 2766 legitur
1253 2684 1340 2765 apud

164 2790 368 2857 Priscianum
393 2789 423 2875 (I
445 2809 475 2871 p.
495 2791 569 2871 322,
593 2792 611 2854 7
636 2789 754 2873 Hertz)
778 2789 936 2855 librorum
959 2789 1123 2870 scriptura
1144 2790 1234 2854 haud
1257 2793 1340 2855 mul-

165 2906 235 2965 tum
265 2898 479 2979 discrepante.
532 2897 598 2962 Nos
633 2896 762 2978 quidem
790 2896 1000 2978 Bragmanae
1030 2896 1087 2964 vix
1117 2895 1340 2979 assentiemur,

166 3004 222 3087 qui
241 3005 302 3070 hoc
321 3003 467 3086 exemplo
485 3005 637 3087 neglecto
656 3003 690 3069 in
712 3003 785 3069 aliis
800 3002 952 3069 versibus
970 3001 1026 3083 qui
1049 3002 1161 3068 ‘immo'
1184 3002 1340 3069 exhibent

165 3117 242 3194 post
267 3112 353 3177 hanc
380 3130 493 3179 vocem
524 3110 628 3177 inseri
655 3110 764 3179 voluit
790 3110 894 3176 ‘enim'
917 3113 972 3177 vel
995 3113 1066 3175 tale
1090 3108 1167 3190 qnid
1192 3107 1245 3194 (cf.
1268 3111 1291 3174 l.
1315 3130 1339 3174 s.

165 3239 218 3300 pp.
243 3220 294 3284 24.
322 3216 387 3304 25),
419 3236 511 3298 „cum
542 3217 658 3301 immo,
693 3217 790 3284 immo
825 3217 923 3300 enim,
958 3216 1053 3282 immo
1083 3218 1209 3299 hercle,
1245 3216 1339 3282 immo

166 3325 275 3391 etiam’
302 3325 396 3390 nullo
424 3324 504 3389 fere.
522 3322 664 3390 notionis
689 3323 874 3390 discrimine
899 3343 919 3390 a
941 3322 1048 3405 poetis
1072 3328 1336 3404 usurparentur.“

165 3433 235 3499 Nec
256 3452 335 3500 vero
359 3432 463 3516 magis
480 3434 594 3513 placet
616 3435 702 3513 quod
720 3431 872 3499 Klotzius
894 3431 1035 3514 priorem
1053 3432 1215 3515 syllabam
1238 3430 1339 3497 inter-

166 3543 242 3606 dum
272 3544 453 3620 correptam
486 3557 557 3604 esse
586 3539 740 3620 opinatur
769 3539 803 3624 (l.
833 3558 858 3604 s.
885 3559 915 3620 p.
941 3541 1004 3621 48).
1051 3538 1115 3621 Qui
1143 3538 1196 3607 vir
1226 3540 1340 3605 doctus

167 3647 296 3713 omnino
315 3646 448 3712 silentio
471 3645 598 3729 premit,
621 3647 688 3711 iam
707 3646 740 3711 O.
761 3646 798 3711 F.
814 3647 865 3711 W.
881 3646 1077 3712 Muellerum
1100 3648 1340 3712 demonstrasse

166 3754 323 3820 ficticiam
360 3772 431 3818 esse
470 3753 555 3819 hanc
587 3753 773 3834 prosodiam
805 3750 931 3836 ‘immo'‚
973 3753 1028 3833 qui
1059 3753 1214 3819 iudicium
1250 3772 1339 3819 sunm

166 3861 218 3927 his
242 3860 352 3928 verbis
376 3860 623 3942 comprehendit
645 3858 743 3944 (pros.
767 3860 876 3925 Plaut.
899 3880 930 3941 p.
954 3859 1046 3946 440):
1080 3860 1268 3940 „Hiernach
1291 3879 1340 3925 er-

167 3968 297 4034 scheint
319 3986 355 4034 es
378 3967 439 4032 mir
460 3967 589 4033 keinem
609 3967 746 4034 Zweifel
769 3987 809 4032 zu
827 3967 1051 4052 unterliegen,
1075 3968 1148 4034 dass
1166 3987 1209 4032 an
1227 3967 1340 4032 ‘immd’

167 4075 259 4140 nicht
281 4074 326 4140 im
349 4073 589 4142 entfemtesten
612 4092 652 4139 nu
681 4074 809 4143 denken
832 4073 905 4139 ist.“
945 4074 992 4140 Ut
1018 4075 1129 4143 brevis
1156 4074 1224 4159 sim,
1246 4080 1340 4168 patet
