3014 4642
580 245 712 310 ...95
757 277 802 291 ..-

103 443 172 508 Nec
186 440 290 525 magis
310 441 501 523 temptanda
519 457 591 506 esse
609 439 692 506 haec
710 438 859 521 exempla
872 457 995 505 mecum
1011 437 1202 524 consenties,
1220 437 1277 505 ubi

106 552 133 616 1.
156 547 397 616 substantivum
421 565 492 614 cum
514 545 756 629 praepositione
779 545 987 612 coniunctum
1008 564 1158 614 uersuum
1182 545 1276 612 finem

103 661 242 738 occupat
265 653 320 740 (cf.
342 675 373 736 p.
397 653 468 740 35);

202 762 270 828 Mil.
294 764 336 829 29
367 812 597 829 ...........
620 781 679 843 per
702 760 831 844 corium,
854 758 1065 843 perviscera

200 869 279 935 ibid.
302 871 387 934 1125
413 919 574 935 ........
598 867 677 950 quin
703 868 815 950 potius
841 867 1064 953 pergratiam

200 976 340 1041 Most3
365 1026 641 1043 .............
664 974 840 1057 permittes,
863 994 905 1042 ex
927 973 1064 1041 aedibus
1140 1003 1142 1009 ¹

200 1082 363 1150 Caecilius
377 1086 419 1150 59
443 1082 528 1167 Quid
547 1102 671 1168 narras,
690 1083 838 1161 barbare,
857 1080 1026 1149 indomitis
1045 1100 1116 1148 cum
1130 1082 1276 1148 moribus

102 1190 164 1255 His
187 1192 309 1265 addere
333 1189 412 1257 mihi
436 1191 540 1258 liceat
561 1189 658 1257 iamb.
681 1194 787 1257 octon.

199 1299 281 1364 Eun.
299 1299 361 1363 301
387 1349 506 1364 ......
530 1295 586 1378 qui
608 1316 660 1364 me
682 1295 781 1363 hodie
804 1301 985 1363 remoratus
1009 1302 1061 1362 est

103 1407 132 1471 2.
156 1405 191 1472 in
215 1404 340 1471 ultimis
364 1406 488 1471 duobus
507 1404 646 1488 pedibus
665 1406 769 1472 verba
791 1408 826 1470 et
843 1403 1026 1486 particulae
1048 1401 1275 1470 coniunctivae

103 1511 156 1578 vel
179 1511 370 1594 procliticae
393 1513 561 1596 leguntur:

200 1618 297 1700 Ilpid.
315 1621 377 1685 148
397 1666 518 1685 ......
540 1637 591 1684 me
611 1616 816 1684 interimam?
841 1614 854 1704 tl
876 1617 925 1684 Ne
943 1616 1062 1684 feceris

103 1725 201 1810 (idem
226 1725 332 1792 exitus
354 1726 440 1792 Men.
463 1724 543 1809 415)

201 1831 297 1914 Epid.
320 1835 386 1899 446
415 1882 644 1899 ...........
672 1831 816 1898 deterior
838 1831 868 1897 si
890 1831 1063 1914 praedicat

105 1938 144 2005 ef.
159 1960 188 2021 p.
205 1942 260 2006 38:
284 1940 376 2006 Asin.
392 1941 465 2022 800,
480 1939 577 2006 Truc.
591 1940 666 2004 482.
696 1938 762 2005 Vix
774 1938 878 2023 igitur
891 1939 985 2005 uobis
999 1939 1156 2021 probatur
1169 1939 1274 2022 Brug-

103 2047 213 2113 manni
236 2046 449 2130 transpositio
473 2046 508 2133 (l.
524 2067 549 2113 s.
572 2066 602 2128 p.
618 2045 687 2133 51):
710 2045 747 2111 ‘si
770 2045 913 2114 deterior
933 2045 1122 2128 praedicat’.
1166 2046 1215 2112 Ac
1233 2064 1275 2111 ne

103 2155 137 2219 in
159 2155 211 2222 his
234 2154 365 2236 quidem
389 2155 562 2222 verborum
585 2153 732 2220 ordinem
754 2152 944 2219 institutum
966 2153 1183 2219 turbabimus:

202 2262 275 2328 Aul.
299 2264 362 2328 523
387 2311 618 2329 ...........
640 2260 675 2326 ni
698 2265 840 2327 metuam
869 2280 910 2326 ne
934 2260 1065 2327 desinat

201 2368 292 2435 'Prin
311 2369 376 2434 323
401 2417 610 2434 ..........
633 2365 808 2452 pertegito,
829 2385 871 2433 ne
889 2366 1065 2449 perpluant

201 2476 284 2543 Eun.
304 2478 368 2541 859
393 2524 556 2542 ........
580 2493 631 2541 me
650 2473 799 2541 contineo
823 2474 901 2556 quin
923 2471 1064 2541 involem

103 2582 228 2649 Eadem
251 2582 380 2649 ratione
402 2587 493 2648 recte
516 2566 658 2648 fortasse
681 2580 936 2663 intemrotamur
979 2644 982 2648 .

202 2690 320 2756 Pseud.
344 2691 409 2755 555
507 2689 654 2770 Namque
678 2689 807 2770 edepol,
829 2688 859 2754 si
881 2704 945 2754 non
969 2686 1065 2755 dabis

202 2796 320 2862 Bacch.
344 2798 386 2862 90
411 2845 617 2863 ..........
641 2793 801 2878 adfueris,
830 2793 946 2862 sinon
974 2793 1066 2862 lubet

203 2902 285 2968 Eun.
309 2904 373 2969 862
398 2952 604 2969 ..........
627 2900 792 2986 furcifero,
822 2899 851 2966 si
872 2900 907 2967 id
930 2899 1065 2968 fecerim

104 3009 144 3074 cf.
164 3010 292 3076 Phorm.
311 3012 374 3076 911
400 3012 438 3075 ‘..
458 3008 581 3094 populi,
603 3009 719 3093 inquit
742 3008 771 3075 si
794 3008 829 3075 id
852 3007 978 3076 feceris’
1002 3008 1069 3095 (pp.
1084 3011 1135 3076 60.
1151 3011 1215 3090 91.)

203 3117 275 3211 Cas.
300 3118 362 3184 771
388 3167 506 3184 ......
530 3113 748 3200 dissimulant,
771 3115 866 3198 quasi
889 3115 936 3182 nil
958 3115 1066 3182 sciant

105 3224 145 3290 ci.
168 3224 240 3289 Mil.
263 3226 328 3290 820
351 3225 389 3289 ‘..
413 3242 508 3304 quom
530 3227 653 3291 stertas
677 3224 771 3305 quasi
795 3223 939 3290 sorbeas'
962 3224 1007 3309 (p.
1030 3222 1095 3310 38.)

203 3331 274 3398 Cas.
293 3333 357 3397 373
382 3380 610 3398 ...........
633 3349 695 3397 nec
716 3329 802 3399 facio
825 3349 930 3412 neque
948 3349 1064 3397 censeo

203 3438 379 3504 91115483
404 3487 544 3506 .......
564 3439 622 3503 vel
645 3437 766 3503 lanium
787 3439 843 3506 vel
866 3436 1064 3519 arsuspicem

105 3545 145 3610 de
167 3544 218 3610 liis
242 3546 393 3613 versibus
416 3542 564 3610 conferas
587 3561 668 3624 quos
691 3542 779 3611 locos
797 3542 1032 3626 composuimus
1055 3563 1085 3626 p.
1104 3544 1155 3610 37.

105 3654 134 3717 3.
158 3652 206 3717 Ut
228 3654 370 3733 spondeo
394 3671 435 3717 ex
458 3657 531 3717 arto
553 3649 739 3717 ultinmrum
760 3667 874 3718 vocum
892 3668 1017 3717 conexu
1036 3649 1277 3717 excusationem

104 3758 300 3842 paravimus,
322 3757 352 3824 si
374 3756 578 3824 exclamandi
601 3760 657 3826 vel
680 3756 816 3824 similem
838 3755 968 3824 dicendi
987 3755 1156 3824 formulam
1176 3756 1279 3840 signi·

104 3865 214 3949 ficant,
241 3866 293 3931 ita
315 3865 356 3931 ob
379 3867 516 3932 eandem
540 3883 670 3932 causam
692 3869 806 3947 poetas
829 3863 1003 3946 anapaesti
1026 3862 1192 3932 licentiam
1216 3862 1278 3928 sibi

104 3973 280 4054 sumpsisse
304 3972 445 4056 cogitari
470 3972 551 4039 licet
574 3972 610 4038 in
631 3971 683 4039 his
707 3972 762 4054 qui
784 3977 964 4054 sequuntur
984 3969 1078 4037 locis:

202 4080 295 4146 Curc.
314 4082 357 4144 44
376 4129 538 4148 ........
556 4079 613 4146 hio
630 4078 783 4147 habitat?
805 4077 817 4171 ll
841 4078 945 4146 Recte
964 4083 1064 4144 tenes.
