3014 4642
638 235 860 301 ..qq-

162 431 211 498 ita
238 450 274 498 se
301 432 476 515 habentes,
508 436 545 498 ut
571 430 805 513 anapaesticae
835 450 932 499 voces
965 430 1196 498 contineantur
1226 430 1339 497 eodem

186 541 262 607 ede:

163 558 184 622 l)
260 647 358 729 Epid.
378 647 419 712 77
444 697 674 713 ...........
697 651 731 712 te
755 646 849 729 cupio
872 645 983 728 perire
1001 664 1126 713 mecum

260 753 352 819 Pers.
371 756 411 819 15
512 753 720 838 Congrediar.
746 751 758 840 ll
784 754 906 820 Contra
929 751 1127 838 aggreditur

261 859 339 927 ibid.
363 861 427 926 202
452 911 681 927 ...........
704 879 805 943 puero
824 859 917 942 peior
934 858 1128 942 perhibetur

260 967 378 1034 Pseud.
400 968 463 1033 173
487 1017 583 1033 .....
606 967 798 1048 deliciisque
821 968 1003 1034 aetatulam
1026 965 1127 1051 agitis

264 1145 560 1226 Relinquantur
577 1166 701 1228 pauca
715 1148 971 1230 spondeorum
985 1148 1176 1229 exempla,
1195 1147 1241 1212 de
1257 1142 1340 1226 qui·

422 1255 491 1320 bus
515 1253 727 1336 separatim
749 1253 853 1320 nobis
876 1253 1081 1320 dicendum
1104 1257 1177 1320 est:

262 1361 347 1426 Meu.
367 1362 433 1427 418
484 1360 519 1427 Si
533 1380 663 1444 possum
677 1362 853 1444 hospitium
868 1360 1023 1428 nancisci.
1044 1360 1108 1427 iam
1128 1361 1258 1444 dudum,
1271 1378 1340 1426 mn·

1178 1466 1252 1551 liar,
1278 1465 1341 1532 tibi

264 1575 393 1642 Phorm.
404 1577 468 1642 985
485 1575 577 1657 Rape
600 1576 694 1642 hunc.
724 1573 736 1663 ll
766 1576 821 1642 Sic
844 1575 967 1660 agitis?
1008 1575 1091 1642 enim
1120 1593 1199 1643 vero
1227 1576 1341 1642 vocest

1260 1697 1340 1761 opus

263 1789 362 1856 Mero.
388 1791 428 1854 10
485 1790 612 1856 Eadem
635 1789 741 1856 latine
762 1790 928 1856 Mercator
951 1787 1057 1856 Macci
1080 1787 1149 1854 Titi

265 1897 342 1962 Aul.
366 1899 430 1963 336
487 1896 553 1963 Vbi
567 1896 676 1979 siquid
689 1916 819 1980 poscam
832 1915 935 1978 usque
945 1898 988 1963 ad
997 1895 1102 1964 ravim
1110 1914 1241 1977 poscam
1250 1893 1341 1976 prius

166 2004 276 2085 Atque
290 2003 325 2070 in
341 2004 424 2072 Men.
437 2024 467 2072 v.
477 2005 542 2070 418
561 2009 600 2070 ut
618 2003 832 2071 difficultates
851 2004 996 2072 solveret
1009 2002 1148 2069 Bothins
1167 2001 1215 2068 sic
1232 2007 1341 2067 trans·

164 2110 285 2193 posuit:
309 2113 317 2145 ‘
318 2161 438 2178 ......
460 2110 577 2177 mulier
598 2111 662 2178 iam
687 2112 806 2178 auidum
834 2111 915 2193 tibi,
945 2110 1031 2191 qnod
1058 2128 1152 2176 nemo
1180 2107 1338 2174 editorum

165 2217 298 2301 recepit.
348 2216 483 2306 Maioris
512 2222 621 2285 autem
648 2216 801 2284 momenti
829 2217 975 2301 videtur,
1006 2219 1092 2298 quod
1119 2234 1279 2296 nusquam
1305 2214 1340 2279 in

165 2324 321 2391 interiore
349 2324 551 2406 dipodiarum
578 2326 662 2408 pede
689 2324 850 2393 trochaici
877 2323 1057 2407 septenarii
1080 2322 1176 2389 initio
1199 2341 1265 2388 non
1288 2340 1341 2387 ex·

166 2438 262 2513 cepto
285 2430 359 2496 ‘itm
378 2431 505 2498 dudim’
525 2449 598 2497 cum
614 2433 676 2498 hoc
693 2438 832 2499 accentu
851 2431 994 2499 occurrit
1011 2430 1076 2497 nisi
1094 2430 1176 2496 elisa
1195 2435 1341 2496 extrema

167 2538 305 2621 syllaba,
327 2574 372 2584 -
393 2541 431 2603 nt
453 2556 495 2603 en
517 2537 607 2603 hisce
630 2539 785 2621 exemplis
807 2538 1013 2620 perspicuum
1035 2542 1098 2603 est:

264 2643 354 2710 Asin.
378 2645 441 2710 141
487 2644 557 2710 Iam
581 2647 700 2712 dudum
723 2648 774 2712 est
801 2682 837 2692 -

184 2818 188 2825 ,
265 2750 336 2817 (lae.
360 2752 424 2817 368
486 2751 556 2817 Iam
580 2753 699 2819 dudum
721 2753 834 2819 hercle
860 2789 899 2798 -

265 2857 333 2924 mu.
358 2859 443 2925 1429
488 2858 562 2925 iem,
581 2860 709 2926 aucum.
735 2857 748 2947 q
773 2837 815 2924 ni
839 2858 917 2924 mim
936 2895 976 2906 -

265 2964 368 3031 Stich.
392 2967 457 3031 344
486 2966 556 3031 Iam
578 2967 699 3032 dudum
722 2968 782 3052 ego
804 2965 903 3032 istum
925 3003 969 3013 —

266 3070 365 3155 (Men.
389 3073 454 3137 936
485 3072 569 3138 Nam
591 3073 711 3139 dudum
733 3075 866 3139 uxorem
888 3073 946 3159 -)

266 3178 365 3244 Mero.
390 3179 454 3244 556
478 3229 639 3246 ........
662 3178 727 3245 iam
753 3180 873 3246 dudum
896 3179 1042 3247 esuriens
1065 3176 1152 3245 domi
1224 3223 1229 3230 -

168 3286 295 3351 Rursus
317 3283 352 3350 in
374 3285 574 3367 paenultimo
593 3288 679 3367 pede
699 3286 863 3369 appetivit
881 3291 979 3369 poeta
997 3287 1039 3353 de
1056 3284 1241 3352 indrustria
1258 3285 1344 3352 hunc

169 3396 337 3458 accentum
375 3392 558 3459 verborum.
615 3393 744 3475 (Amph.
774 3394 839 3460 692
870 3395 934 3460 693
963 3392 1046 3460 ¹(las.
1076 3394 1142 3459 414
1181 3391 1249 3459 Mil.
1278 3393 1342 3458 580

169 3499 268 3564 Mero.
296 3500 360 3565 617
391 3499 473 3565 Rue.
503 3501 589 3565 1030
625 3499 717 3566 Trin.
745 3499 835 3585 923).
889 3498 981 3582 Quae
1011 3519 1082 3566 oum
1111 3499 1160 3565 ita
1190 3498 1271 3582 sint,
1301 3500 1343 3565 <le

169 3606 291 3673 ictuum
320 3604 571 3672 condicionem
593 3625 693 3673 versu
720 3606 779 3673 illo
807 3606 951 3674 fortasse
978 3606 1097 3672 iustam
1126 3605 1343 3688 suspicionem

171 3731 345 3780 movemus.
395 3711 503 3796 Quare
535 3718 594 3779 aut
622 3712 735 3779 Bothii
767 3713 957 3781 coniectura
988 3715 1055 3780 erit
1086 3714 1256 3795 probanda
1286 3718 1344 3779 aut

172 3821 239 3884 alia
261 3818 390 3885 ratione
411 3819 554 3886 numeris
577 3809 841 3888 subveniendum.

261 3927 308 3991 At
338 3927 374 3991 in
406 3925 613 3993 Phormionis
645 3947 676 3994 v.
709 3930 773 3995 985
810 3927 867 3993 vix
899 3929 1101 4010 depellemus
1133 3925 1344 4010 spondiaeam

172 4052 282 4102 vocem
314 4051 354 4098 ex
386 4040 501 4115 quarto
533 4036 626 4115 pede.
680 4034 761 4101 Nam
789 4037 874 4115 quod
903 4035 928 4100 Ι.
952 4034 1106 4102 Draheim
1135 4034 1259 4120 (Herm.
1282 4035 1346 4101 vol.
