3014 4642
647 231 868 296 ..50-

174 434 276 498 rerba
294 434 407 497 ‘mater
422 429 559 511 quidem'
573 433 646 496 6116
661 427 835 494 coniuncta
852 446 981 509 unoque
1000 430 1139 494 accentu
1156 445 1227 492 csso
1242 428 1349 508 elata;

173 557 310 620 namque
332 538 473 605 eiusdem
497 536 653 605 vocabuli
681 534 830 602 enclisim
859 533 960 601 166116
988 534 1209 618 cognoscimus
1232 554 1274 600 ex
1296 533 1346 600 ‘si-

172 644 314 730 quidem,
347 645 617 727 quandoquidem’
649 642 878 723 similibusque
911 641 1180 724 copulationibus.
1240 641 1347 727 (Comi.

171 752 380 819 Skutscbium
398 753 432 819 iu
450 753 536 819 libro
555 770 655 833 supra
678 752 785 816 allato
808 769 839 832 p.
862 751 925 815 151
949 754 985 816 et
1008 767 1092 831 quae
1115 768 1216 830 supra
1235 748 1347 831 dispu-

172 859 382 928 1611166616
416 862 466 925 ‘ne
499 859 588 924 mina
617 857 759 941 quidem,
795 876 837 923 ne
865 876 928 942 gry
958 856 1097 938 quidem’
1127 877 1179 938 pp.
1202 858 1255 922 41.
1279 855 1347 942 42.)

259 1073 348 1140 Duos
375 1092 471 1156 porro
494 1073 649 1139 habemus
672 1091 801 1155 versuo,
824 1090 959 1154 quorum
983 1071 1162 1154 spondiaco
1183 1071 1347 1138 vocabula

169 1179 309 1249 invicem
332 1200 368 1247 66
391 1185 555 1248 tutantur:

268 1288 352 1355 Men.
377 1290 441 1354 648
490 1286 545 1354 Nil
566 1287 646 1354 mihi
674 1291 821 1354 tocumst.
845 1289 903 1354 sed
925 1284 1064 1368 tu'quid
1087 1285 1161 1354 ais?
1193 1284 1205 1374 Η
1239 1285 1345 1369 Ρ6116,

970 1395 1113 1477 inquam
1131 1392 1231 1477 periit
1250 1393 1344 1460 domo

267 1502 396 1568 Phorm.
411 1504 474 1568 911
490 1501 574 1568 Nam
589 1502 645 1583 qui
658 1501 722 1568 6111
734 1520 846 1568 rumor
858 1501 980 1585 populi,
999 1500 1116 1585 inquit,
1131 1500 1160 1568 si
1174 1500 1209 1566 id
1223 1498 1344 1568 1666116

170 1611 398 1694 Brugmannus
429 1613 601 1691 utrumque
634 1608 758 1691 omisit3
791 1608 942 1676 Klotzius
979 1607 1136 1675 disseruit
1167 1609 1210 1674 de
1240 1607 1344 1674 Phor·

170 1715 286 1783 mionis
308 1717 466 1800 exemplo,
489 1718 577 1798 quod
594 1714 746 1782 nimirum
765 1735 806 1782 ox
825 1716 987 1782 dissoluta
1005 1714 1072 1782 6161
1090 1713 1344 1796 intorpretatur;

168 1823 253 1889 idem
276 1841 336 1889 nos
358 1829 493 1891 revocat
515 1824 558 1890 ad
580 1824 710 1890 Phorm.
729 1825 793 1890 667
819 1822 872 1909 (ci.
891 1825 913 1888 l.
938 1842 962 1889 s.
981 1842 1011 1904 p.
1031 1824 1124 1905 341):
1154 1821 1226 1888 ‘His
1244 1821 1343 1887 rebus

169 1948 248 1995 sane
285 1948 377 2013 pone,
413 1929 528 2013 inquit,
560 1932 672 1997 decem
711 1931 831 2014 minas',
867 1950 930 2012 quo
965 1933 1006 1996 de
1040 1948 1137 1998 versu
1171 1930 1342 1995 admodum

168 2035 282 2104 dubito
302 2035 357 2122 (cf.
376 2036 552 2104 Luchsium
569 2037 590 2102 l.
609 2056 633 2104 s.
652 2057 683 2120 p.
702 2039 758 2119 643
781 2038 962 2104 Haulerum
985 2038 1021 2103 in
1044 2039 1153 2103 adnot.
1172 2036 1216 2101 ad
1238 2035 1270 2101 h.
1288 2033 1341 2120 u).

169 2146 220 2210 Ao
238 2143 373 2226 primum
393 2144 525 2225 quidem
543 2142 613 2211 noli
636 2149 752 2226 putare
775 2144 923 2228 inquam,
946 2143 1061 2226 inquit’
1084 2143 1118 2209 in
1137 2141 1252 2209 ultinm
1273 2141 1341 2208 ictu

168 2270 356 2333 percussum
383 2250 435 2317 his
467 2252 690 2319 tantummodo
722 2252 803 2319 locis
834 2251 995 2332 inveniri;
1024 2249 1173 2332 ‘inquam’
1200 2248 1343 2317 occurrit

167 2358 257 2423 Pers.
278 2359 343 2424 423
367 2358 450 2425 Rud.
467 2360 546 2440 6883
569 2359 708 2441 ‘inquitb
731 2359 799 2425 Mil.
823 2361 864 2425 61
891 2360 942 2425 63.
979 2356 1216 2424 Fleckeisonus
1238 2354 1342 2441 igitur

167 2463 224 2531 vix
246 2468 339 2530 16616
361 2465 539 2534 mutaverit
560 2465 596 2532 in
618 2472 757 2547 utraque
781 2466 856 2532 Ter.
878 2464 1062 2532 fabularum
1087 2463 1247 2531 editione:

264 2571 393 2637 Phorm.
408 2573 470 2638 911
487 2573 569 2638 Nam
592 2572 648 2653 qui
671 2572 735 2638 erit
756 2591 875 2656 rumor,
898 2571 1012 2655 inquit,
1035 2571 1070 2638 id
1092 2571 1120 2637 si
1143 2570 1261 2637 feceris

166 2675 289 2762 (161616
306 2677 464 2763 populi).
500 2679 529 2744 Ε
564 2678 711 2760 quamvis
729 2679 945 2762 transpositio
964 2679 1008 2747 ‘id
1030 2679 1068 2745 si'
1081 2678 1165 2745 lenis
1178 2676 1340 2759 videatur,

165 2788 275 2850 tamen
298 2803 369 2851 eam
392 2785 635 2870 redarguemus,
659 2785 779 2868 quippe
802 2806 866 2870 qua
889 2786 1044 2869 primaria
1066 2787 1241 2852 vorborum
1266 2803 1341 2851 con·

165 2891 289 2958 secutio
308 2911 479 2975 perperam
496 2893 658 2976 turbetur,
676 2898 713 2961 ut
731 2913 773 2960 ex
795 2894 846 2958 his
869 2893 1029 2960 similibus
1048 2891 1197 2962 versibus
1218 2892 1339 2958 elucet:

264 2997 357 3065 Ourc.
382 3001 445 3065 243
465 3051 649 3069 .........
668 3006 722 3067 sat
744 3002 872 3067 bonast.
896 3001 924 3067 si
946 3001 981 3066 id
1004 2999 1126 3066 feceris

171 3109 174 3114 ’
260 3105 350 3171 Trin.
374 3107 416 3172 85
535 3112 625 3174 astat
648 3127 783 3174 summo:
806 3107 835 3174 si
858 3108 894 3174 id
915 3127 977 3174 non
1002 3106 1124 3174 feceris

261 3212 329 3278 Mil.
354 3215 440 3279 1365
463 3213 499 3280 si
521 3213 556 3279 id
578 3213 689 3298 facies,
713 3220 780 3280 tum
804 3217 929 3282 demum
955 3213 1121 3281 scibis...

262 3318 355 3401 Oapt.
373 3322 436 3386 196
457 3371 532 3387 ....
551 3321 581 3387 si
598 3321 634 3387 id
652 3320 792 3405 iacietis,
814 3322 923 3390 levior
940 3322 1035 3388 labos
1059 3320 1125 3387 erit

259 3427 333 3491 Mil.
360 3428 442 3493 1417
467 3426 562 3510 Quid,
586 3427 614 3494 si
636 3429 671 3494 id
693 3448 759 3495 non
782 3428 890 3496 faxis?
912 3427 922 3517 Η
945 3429 991 3494 Vt
1013 3428 1124 3498 vivam
1139 3480 1146 3493 .
1160 3480 1190 3495 ..

260 3534 359 3599 Poen.
381 3536 464 3599 1251
486 3586 625 3603 .......
643 3535 791 3620 primum,
814 3536 845 3602 si
867 3536 903 3602 id
924 3536 996 3602 fieri
1019 3535 1124 3618 possit

162 3640 287 3706 Rursus
313 3639 477 3708 inversum
505 3642 675 3710 verborum
703 3642 848 3710 ordinem
879 3643 933 3709 his
962 3648 1090 3710 tantum
1118 3642 1198 3710 locis
1225 3644 1336 3709 obser·

162 3764 291 3811 ramus:

257 3852 443 3921 1111111056
463 3905 603 3923 .......
625 3856 703 3924 novi
725 3861 769 3925 16.
792 3858 854 3924 hoc
875 3857 905 3923 si
926 3856 1042 3924 feceris
1066 3856 1121 3942 (A)

259 3959 407 4027 Lucilius
426 3964 490 4028 590
514 3962 683 4030 Baehrens
702 3962 759 4048 (=
779 3966 842 4030 691
867 3963 1070 4050 Lachmann)
1095 4014 1256 4031 ........
1275 3964 1337 4031 hoc

1120 4091 1191 4139 cum
1214 4070 1334 4140 feceris
