3014 4642
698 239 920 306 ..94-

226 438 299 503 106.
322 436 395 502 Aul.
418 436 483 502 443
516 434 589 520 Ego
620 439 655 501 te
686 434 804 502 faciam
836 436 1045 504 miserrumus
1077 436 1185 522 (iamb.
1218 435 1291 503 dim.
1325 455 1400 503 cum

1042 544 1191 611 clausula
1214 543 1400 630 Reiziana)

322 650 437 733 Varro,
460 649 529 717 Sat.
552 647 695 732 Menipp.
717 669 748 731 p.
771 651 815 716 99
838 652 863 717 Ι.
887 650 1024 734 (Rieselz

226 760 299 825 107.
321 757 389 824 Nos
412 756 555 840 barbari,
579 757 665 838 quod
687 756 879 824 innocentes
901 756 936 823 in
958 759 1114 841 gabalum
1136 757 1318 841 suffigimus

225 863 315 946 Quae
343 864 446 932 verba
472 864 696 930 Buechelerus
720 866 743 928 l.
766 883 791 930 s.
818 884 848 933 v.
873 866 916 929 24
942 863 1051 932 soluta
1078 863 1226 932 oratione
1253 866 1400 947 praebet.

224 972 271 1037 At
294 990 365 1038 cum
389 969 497 1038 omnia
519 989 621 1052 usqne
646 971 688 1036 ad
710 969 910 1055 ‘suffigimus’
938 971 1099 1038 octonarii
1126 990 1278 1039 numeros
1304 971 1398 1039 facil-

223 1077 301 1145 lime
318 1077 466 1161 induant,
488 1078 638 1159 equidem
662 1097 726 1145 nou
745 1077 842 1146 video
864 1097 922 1144 our
943 1097 1008 1146 non
1030 1079 1240 1146 restituamus
1258 1096 1399 1146 versum.

223 1185 341 1267 Itaque
363 1184 484 1252 faciam
503 1204 574 1252 cum
593 1185 712 1268 Riesio,
736 1185 791 1266 qui
809 1185 962 1268 optimum
981 1186 1153 1253 iambicum
1172 1191 1397 1253 tetrametrum

224 1291 333 1359 effecit
362 1292 558 1378 (Vahlenum
583 1299 713 1359 secutus
745 1291 787 1360 cf.
817 1293 865 1358 ‘In
888 1293 931 1359 ll.
955 1294 1029 1360 Ter.
1052 1292 1209 1360 Varronis
1239 1292 1399 1374 reliquias

224 1399 443 1465 coniectanea’
466 1417 494 1465 a
520 1400 605 1466 1858
628 1418 658 1480 p.
682 1397 769 1485 213).
792 1434 836 1446 -
897 1415 901 1422 ’

223 1505 412 1587 Sequuntur
433 1504 569 1572 Publilii
592 1505 668 1588 Syri
690 1504 891 1587 aliorumque
914 1505 1112 1573 sententiae:

224 1632 254 1695 p.
278 1614 509 1696 91111151
533 1610 744 1699 (Friedrich):

322 1715 374 1786 Ex
397 1719 555 1786 communi
578 1719 689 1787 facere
711 1720 877 1803 proprium
900 1720 1093 1804 principium
1117 1725 1169 1786 est
1192 1719 1376 1787 discordiae

224 1847 253 1908 p.
277 1829 329 1910 94,
352 1846 442 1909 prov.
466 1829 521 1892 94:

321 1933 436 2018 Venia,
459 1953 524 2001 non
547 1954 651 2017 poena
673 1940 841 2016 peccatum
866 1935 1031 2018 corrigere
1054 1940 1106 2002 est
1128 1932 1323 2000 clementiae

224 2061 254 2123 p.
279 2042 352 2127 103,
374 2061 465 2124 prou.
489 2043 566 2107 262:

323 2147 486 2232 Optimum
509 2148 620 2216 civilis
643 2148 728 2215 belli
751 2148 947 2244 praesidium
971 2154 1023 2215 est
1046 2147 1170 2216 oblivio

223 2256 264 2322 Iu
287 2254 471 2322 Woelfflini
494 2257 543 2322 ed.
567 2254 684 2341 (1869)
706 2274 737 2338 p.
761 2257 812 2338 84,
837 2257 915 2321 282:

321 2363 473 2429 Incertus
495 2362 620 2429 animus
643 2361 809 2429 dimidium
833 2369 884 2429 est
906 2361 1089 2444 sapientiae

225 2468 461 2556 (Friedrichius
488 2468 622 2550 scripsit
648 2487 720 2535 cum
744 2468 857 2535 codice
885 2488 914 2551 p.
938 2469 1030 2552 53,1
1055 2471 1110 2535 52:
1138 2468 1323 2535 ‘remedium
1345 2473 1399 2534 est

225 2574 440 2662 sapientiae’).
462 2611 506 2622 -
1149 2577 1152 2583 '

223 2683 317 2749 Inter
339 2683 421 2749 haec
445 2683 595 2763 exempla
617 2700 723 2764 pauca
746 2682 1003 2765 conspiciuntur,
1029 2700 1112 2764 quae
1136 2682 1237 2748 elisas
1260 2684 1398 2750 voculas

224 2788 330 2855 veluti
344 2792 411 2873 ‘est
427 2789 497 2870 que’
512 2788 732 2871 anapaesticis
746 2789 858 2855 verbis
871 2788 1008 2855 suffixae
1022 2789 1192 2855 exhibent:
1210 2788 1309 2856 Pcen.
1326 2790 1398 2867 774,

225 2896 320 2963 Truc.
344 2898 396 2980 93,
418 2896 514 2978 Epid.
538 2898 612 2979 312,
640 2897 732 2962 Asin.
757 2898 831 2963 263.
878 2895 966 2980 Quos
994 2897 1084 2963 locos
1108 2913 1275 2978 compares
1297 2895 1396 2963 velim

225 3022 295 3069 cum
331 3003 401 3069 illis
439 3004 480 3069 de
514 3003 632 3084 quibus
668 3023 767 3085 supra
802 3002 1041 3084 disputavimus
1076 3003 1245 3086 spondeis,
1283 3039 1321 3050 —-
1360 3006 1398 3067 ut

225 3109 341 3192 Amph.
366 3113 429 3176 100
452 3108 663 3190 ‘praefectust
685 3108 880 3194 legionibus’
904 3109 958 3196 (cf.
981 3129 1034 3192 pp.
1059 3111 1110 3175 22.
1135 3107 1199 3194 23).
1222 3146 1267 3156 -

790 3305 833 3372 ΙΙ.

314 3426 493 3498 Videamus
524 3448 611 3497 uunc
641 3430 778 3511 reliqua.
833 3430 945 3511 Neque
978 3429 1062 3497 enim
1095 3432 1215 3497 desunt
1245 3448 1399 3498 versuum

226 3538 390 3605 contraria
412 3537 520 3620 specie
540 3540 697 3620 exempla,
721 3556 854 3618 quorum
873 3537 1012 3604 extremi
1030 3539 1094 3603 duo
1114 3539 1215 3619 pedes
1237 3537 1310 3620 plus
1333 3556 1399 3604 uno

226 3647 386 3711 vocabulo
410 3645 692 3727 comprehendant
728 3644 782 3710 Ex
804 3644 855 3710 his
874 3650 984 3710 autem
1002 3643 1158 3725 permulti
1177 3645 1313 3710 eandem
1335 3643 1399 3710 sibi

226 3753 415 3819 adsciscunt
433 3754 683 3835 excusationem,
703 3771 797 3833 quam
815 3751 850 3817 in
868 3750 1052 3833 spondiacis
1066 3752 1180 3818 verbis
1193 3750 1399 3836 agnovimus:

225 3859 246 3925 i.
270 3880 295 3925 1.
319 3860 515 3926 artissimam
539 3861 769 3928 vocabulorum
792 3855 1047 3942 copulationem,
1077 3877 1161 3940 quae
1183 3862 1400 3940 anapaestum

226 3968 473 4048 subsequuntur.
511 3966 652 4049 Quorum
671 3966 827 4046 imprimis
846 3965 1022 4032 offensione
1044 3970 1135 4032 caret
1152 3964 1226 4032 hice
1248 3964 1354 4032 locus:

323 4074 406 4140 Rud.
431 4075 516 4140 1218
545 4124 642 4141 .....
669 4074 747 4139 dote
770 4074 870 4139 abeat
892 4091 986 4155 quam
1012 4072 1185 4141 advenerit
