3014 4642
640 244 862 309 -70..

164 443 252 523 quod
274 439 471 524 percutitur.
508 440 655 507 Eandem
674 439 803 521 quidem
826 437 948 506 ictuum
967 438 1188 507 condicionem
1208 438 1242 505 in
1261 444 1341 505 ‘mea

163 547 276 616 refert*
299 551 399 630 pocta
421 545 614 614 observavit
1088 553 1093 557 ·

263 654 355 721 Gnrc.
379 655 444 720 530
543 654 622 735 qnid
644 652 679 719 id
702 657 774 719 mea
795 650 798 740 l
820 651 925 719 refert
947 651 1054 736 (iamb.
1078 656 1152 736 oct.)

260 762 360 828 Merc.
383 762 449 826 454
473 760 559 845 Quid
581 760 615 826 id
638 764 710 827 med
732 758 837 827 refert
860 759 968 846 (initio
991 760 1096 827 troch.
1120 760 1218 846 sept.)

164 875 273 936 tamen
296 872 456 950 aquario
480 867 603 935 senarii
625 870 710 951 pede
733 886 861 950 semper
884 868 1035 934 exclusit
1071 867 1222 934 Alterius
1243 867 1339 934 verbi

165 982 338 1058 utramque
360 975 497 1042 formam
521 976 696 1057 ‘siquidem’
716 981 751 1042 et
768 975 947 1056 ‘siqnidem’
969 979 1099 1057 poetam
1121 974 1188 1041 sibi
1210 992 1341 1042 conces·

165 1083 246 1151 sisse
260 1082 425 1150 sciendum
440 1081 533 1167 est1).
560 1083 679 1164 Itaque
693 1081 866 1149 reiciamus
881 1086 1011 1165 oportet
1018 1081 1206 1164 siquidem,
1220 1081 1340 1163 quippe

165 1209 228 1272 quo
256 1195 315 1256 aut
341 1188 447 1256 falsus
475 1190 630 1272 dactylus
657 1194 814 1256 nascatur
840 1189 875 1255 in
902 1188 1005 1271 primo
1036 1191 1141 1256 solum
1167 1190 1253 1271 pede
1282 1190 1340 1255 ad·

164 1296 281 1365 missus
295 1302 354 1364 aut
368 1296 556 1380 tribrachys
570 1299 670 1380 plane
688 1295 884 1382 illegitimus
904 1295 957 1382 (cf.
973 1295 1147 1362 Luchsium
1160 1296 1340 1363 ‘comment

164 1403 258 1487 pros!
272 1405 297 1470 Ι.
325 1404 494 1488 Erlangae
520 1405 613 1470 1883.
637 1423 667 1486 p.
688 1405 750 1485 15).
796 1404 909 1485 Neque
932 1409 1037 1469 metro
1061 1402 1186 1469 sufficit
1207 1401 1246 1469 ‘si
1269 1403 1340 1483 qui·

165 1512 260 1593 dem'3
279 1509 444 1577 claudicat
463 1511 548 1576 enim
562 1529 677 1578 versus
690 1509 847 1577 incisione
863 1529 978 1577 carens
992 1509 1152 1595 legitima.
1180 1510 1340 1577 Fortasse

165 1617 324 1701 placebit,
346 1619 432 1699 qnod
456 1616 597 1684 coniecit
619 1616 836 1684 Ritschelius:

263 1726 335 1791 Tua
360 1724 416 1806 pol
443 1723 529 1790 enim
554 1722 666 1791 refert
687 1719 700 1811 ΙΙ
726 1724 891 1806 Siquidem
916 1744 987 1791 mea
1010 1724 1123 1808 refert,
1144 1745 1217 1790 mcc
1240 1743 1340 1807 opera

1246 1837 1340 1898 utere

166 1939 322 2005 Extrema
345 1938 450 2004 verba
467 1940 577 2020 ‘opera
596 1939 697 2005 utere’
715 1937 786 2004 noli
804 1937 982 2024 corrigere,
1005 1958 1089 2021 quac
1107 1938 1340 2006 confirmantur

165 2045 216 2112 his
240 2045 405 2113 similibus
427 2045 521 2112 locis:

263 2154 340 2220 Aul.
357 2156 419 2219 143
459 2153 513 2220 Da
535 2152 615 2219 mihi
636 2172 777 2238 operam,
800 2155 924 2220 amabo.
947 2151 960 2241 ll
981 2155 1099 2221 Tuast:
1122 2158 1216 2221 utere
1240 2159 1339 2236 atquo

670 2258 672 2262 ”
1106 2261 1338 2346 impera,

263 2368 353 2434 Pers.
378 2369 442 2434 328
479 2367 544 2434 Sed
571 2386 707 2449 sequere
735 2387 798 2435 me:
829 2370 872 2434 ad
904 2387 975 2434 eam
1002 2387 1071 2435 rem
1098 2388 1174 2435 usus
1202 2373 1255 2435 est
1280 2373 1339 2435 tua

847 2474 926 2541 mihi
948 2494 1055 2558 opera.
1072 2472 1084 2563 ll
1102 2475 1205 2542 Vtere
1227 2481 1266 2542 nt
1288 2474 1340 2544 vis

163 2581 379 2663 Reliquorum
407 2585 515 2648 autem
539 2583 711 2649 verborum
738 2601 803 2648 non
832 2581 940 2648 omnia
968 2583 1068 2664 plana
1090 2601 1129 2649 ac
1151 2577 1254 2649 recta'
1268 2601 1340 2649 esse

164 2688 370 2771 conspicuum
401 2687 440 2754 fit
476 2707 547 2754 cum
583 2707 624 2753 ex
655 2689 883 2755 Palatinornm
914 2688 1187 2770 Ambrosianique
1219 2689 1340 2757 discre-

164 2795 286 2878 pantiis
304 2800 373 2862 tum
393 2814 434 2862 ex
453 2794 661 2880 corruptelis,
684 2794 801 2876 quibus
820 2796 1022 2877 depravatus
1040 2801 1093 2862 est
1115 2796 1172 2876 qui
1191 2797 1339 2878 seqnitur

163 2921 288 2970 versus.
338 2903 455 2984 Itaque
483 2902 545 2968 hoc
573 2902 645 2968 loco
673 2902 884 2984 spondiacam
911 2921 1027 2970 vocem
1053 2901 1175 2970 ‘refert'
1202 2904 1339 2971 tertium

165 3009 276 3076 afine
303 3009 419 3091 pedem
446 3011 630 3091 amplexam
657 3027 722 3074 non
749 3007 919 3076 ferendam
937 3028 1018 3076 ,esse
1046 3008 1267 3092 probabiliter
1289 3030 1339 3078 me

164 3116 352 3200 exposuisse
370 3121 459 3200 puto.
497 3115 645 3199 Quanam
669 3120 780 3182 autem
798 3118 928 3184 medela
946 3116 997 3183 nsi
1014 3117 1205 3199 primariam
1224 3137 1338 3186 versus

78 3265 89 3289 .
163 3224 299 3291 formam
321 3241 540 3306 assequamur,
563 3221 710 3303 equidem
735 3223 918 3290 diiudicare
940 3242 1006 3290 non
1029 3225 1142 3291 audeo.
1166 3261 1208 3275 -

163 3331 291 3398 Deinde
313 3331 385 3397 iure
409 3328 599 3395 offendimur
621 3331 765 3411 spondeo
788 3331 824 3396 in
847 3332 909 3397 hoc
933 3350 1044 3399 versu:

210 3441 260 3504 10.
282 3437 354 3503 Mil.
379 3438 442 3502 502
466 3435 538 3502 Nisi
560 3435 640 3502 mihi
662 3436 855 3519 supplicium
879 3438 1047 3522 virgarum
1070 3440 1111 3505 de
1133 3444 1168 3506 te
1191 3441 1291 3506 datur

163 3544 339 3630 (BODFZ
363 3543 558 3627 uirgarum,
584 3543 649 3609 nisi
673 3546 759 3625 quod
786 3545 895 3611 ‘arum’
919 3564 937 3610 e
961 3564 1043 3611 corr.
1066 3545 1101 3612 in
1123 3565 1187 3612 ras.
1209 3545 1263 3631 Bi,
1291 3548 1339 3612 ‘m’

162 3670 223 3734 per
246 3650 493 3736 compendium).
535 3650 605 3717 Iam
630 3649 768 3717 Guietus
797 3651 942 3718 correxit
964 3651 1138 3737 ‘virgeum’,
1165 3655 1252 3735 qnod
1271 3654 1339 3721 Leo

162 3758 198 3825 in
226 3762 352 3825 textum
382 3757 521 3841 recepit,
551 3757 614 3824 etsi
644 3757 845 3826 adiectivum
871 3777 1040 3854 nusquam
1058 3759 1224 3842 reperitur
1251 3763 1340 3844 apud

162 3866 326 3932 Plautum.
371 3866 421 3932 Ac
445 3885 486 3932 ne
509 3883 570 3949 ego
595 3864 724 3946 quidem
748 3871 878 3947 poetam
901 3872 1016 3932 contra
1039 3868 1138 3933 metri
1161 3873 1340 3952 praecepta

252 4097 273 4167 ¹)
290 4095 454 4153 Buecheler:
474 4095 556 4150 Arch.
572 4095 589 4151 f.
603 4095 651 4150 lat.
665 4094 809 4166 Lexicogm
822 4114 850 4151 n.
864 4095 986 4152 Gramm.
1004 4096 1052 4150 III.
1072 4115 1100 4168 p.
1115 4097 1166 4152 145
1180 4115 1221 4168 sq.
