3014 4642
597 268 841 333 -101—

225 463 320 529 Most.
346 465 388 529 58
413 513 598 529 .........
619 461 752 529 eveniat
775 461 865 544 prius
890 481 986 544 quam
1009 463 1087 530 mibi

227 569 305 637 ibid.
329 572 393 638 395
419 622 431 651 .,
441 621 559 637 ......
583 588 646 652 quo
670 568 839 653 eveniant,
862 572 977 637 madeo
1000 577 1088 638 metu

224 679 315 744 Pers.
339 679 403 743 629
427 728 612 745 .........
636 675 793 744 eveniant
819 695 950 759 operam
973 677 1087 745 addito

225 783 314 850 Trin.
330 786 394 851 583
419 835 514 851 .....
539 783 724 853 conveniat.
750 780 762 871 ll
788 782 877 867 Quin
900 789 937 850 tu
959 785 972 850 i
994 786 1088 853 modo

127 892 166 956 In
193 892 246 956 bis
274 891 360 957 enim
387 892 534 959 omnibus
561 891 628 957 Leo
656 890 807 958 restituit
828 890 949 958 formas
978 894 1111 959 ‘usum
1139 895 1301 978 ‘fvenantl

127 998 186 1063 Oui
218 997 318 1065 facile
347 997 598 1081 astipulabimur
627 998 800 1065 nonnullos
835 998 1049 1080 respicientes
1080 984 1207 1084 versus,
1243 1000 1300 1067 ubi

127 1109 228 1171 metro
251 1103 422 1189 flagitatur
445 1107 577 1174 ‘uenat’
600 1105 706 1172 veluti
728 1105 818 1171 Trin.
842 1107 883 1170 41
909 1106 1006 1188 Epid.
1031 1108 1095 1172 299
1118 1107 1189 1174 Mil.
1215 1109 1300 1174 1010

127 1214 211 1278 Rud.
235 1215 313 1297 626,
344 1212 509 1280 codicibus
538 1218 643 1279 autem
672 1212 806 1294 plenior
830 1211 936 1278 forma
958 1213 1142 1284 exhibetur.
1188 1215 1301 1297 Neque

127 1320 194 1385 scio
226 1340 269 1387 an
299 1324 409 1388 eodem
442 1321 516 1387 iure
545 1319 727 1388 breviorem
759 1338 985 1403 recuperemus
1017 1319 1151 1387 formam
1184 1321 1219 1387 in
1249 1321 1300 1388 bis

127 1428 298 1510 exemplis:
408 1474 409 1478 =

222 1536 307 1602 Men.
323 1537 408 1601 1138
424 1587 431 1600 .
445 1588 453 1603 .
468 1534 543 1616 quoi
556 1535 677 1616 pellam
691 1533 844 1616 surrupui
859 1537 978 1601 dudum
995 1537 1086 1602 domo

225 1643 310 1708 Men.
334 1644 398 1710 510
636 1640 796 1723 surrupui.
820 1641 908 1708 satin
930 1660 1033 1733 sanus
1051 1661 1087 1708 es

225 1750 316 1831 Capi.
338 1751 400 1816 881
428 1801 544 1817 ......
568 1747 749 1831 surripuit?
774 1746 786 1836 Η
811 1749 878 1813 Ναὶ
900 1749 955 1813 τὰν
977 1749 1087 1833 Κόραν

126 1857 265 1940 ‘Surpni’
298 1856 462 1923 cotidiano
494 1855 635 1923 sermoni
668 1855 853 1922 comoediae
876 1855 1092 1922 tribuendum
1128 1875 1201 1925 esse
1233 1859 1299 1926 iam

127 1964 322 2031 Skutschius
346 1962 591 2030 commonefecit
619 1961 654 2050 (l.
677 1983 701 2030 s.
725 1982 754 2045 p.
778 1964 820 2028 46
828 1960 853 2048 ²)
881 1962 1036 2029 versibus
1064 1963 1156 2047 Gapt.
1181 1967 1210 2045 8,
1234 1967 1299 2032 760

128 2071 255 2154 allatis,
292 2071 326 2138 in
363 2077 501 2153 utroque
538 2071 622 2138 enim
659 2073 733 2137 loco
766 2070 894 2137 codices
925 2071 1086 2152 praebent
1116 2071 1300 2154 ‘surripuit

127 2178 254 2262 Quibus
273 2179 400 2245 accedit
418 2178 575 2261 imprimis
593 2179 675 2244 Rud.
697 2180 793 2262 1105,
816 2197 912 2260 quem
930 2197 1059 2245 versum
1078 2179 1299 2247 Hermannum

126 2290 160 2350 et
183 2285 328 2352 editores
351 2285 457 2351 secuti
478 2284 527 2351 ita
551 2283 704 2369 legimus:

224 2393 316 2459 Haec
339 2392 480 2458 Athenis
503 2410 606 2474 parva
628 2389 693 2457 siit
714 2391 808 2476 virgo
832 2396 955 2473 surpta
980 2389 993 2479 Η
1018 2391 1081 2459 Dio
1103 2393 1182 2460 mihi

126 2500 217 2584 Quae
239 2499 325 2566 ratio
349 2500 378 2566 si
401 2499 569 2582 probetur,
592 2495 808 2565 difficultates
830 2497 927 2565 facile
949 2500 1104 2583 expedies
1118 2501 1161 2579 ‚in

224 2606 325 2675 Stich.
349 2609 414 2672 490
437 2606 484 2673 At
506 2606 537 2672 ei
561 2609 708 2672 oratores
730 2610 808 2672 sunt
829 2604 949 2691 populi,
972 2606 1087 2673 summi
1110 2608 1174 2676 viri

126 2714 190 2780 Hie
221 2714 304 2780 enim
335 2713 462 2782 vocalis
489 2732 629 2797 syncope
658 2731 755 2794 quam
781 2711 917 2807 dicimus
945 2713 1096 2781 adhibite
1117 2715 1186 2781 Leo
1215 2735 1298 2782 com·

126 2823 259 2888 mendat
280 2826 318 2886 ut
341 2824 475 2905 legatur
497 2819 615 2902 ‘popli’.
653 2818 748 2903 Quod
768 2821 997 2902 comprobatur
1015 2820 1165 2889 versibus
1183 2821 1299 2904 Ampb.

128 2930 191 2993 190
214 2928 333 2993 Pseud.
350 2929 444 3010 1129,
466 2926 522 2992 ubi
541 2926 620 2992 libri
641 2925 798 2992 exhibent
821 2924 1003 3010 longiorem
1022 2925 1166 3010 formam,
1189 2947 1299 3009 quam-

125 3034 178 3102 vis
192 3033 320 3100 numeri
333 3033 470 3100 alteram
485 3035 662 3116 postulent.
701 3032 859 3099 Goetzius
877 3038 988 3100 temen
1006 3034 1155 3103 servavit
1168 3036 1298 3118 plenam

125 3140 261 3207 formam
283 3142 382 3208 Poen.
407 3143 469 3207 227
493 3143 610 3208 Pseud.
635 3142 730 3206 1129.
752 3177 798 3188 -

215 3250 266 3316 De
289 3248 365 3334 Syri
391 3247 567 3316 sententiis
593 3250 655 3314 boc
682 3250 874 3315 monendum
902 3254 955 3314 est
976 3267 1143 3331 perpauca
1166 3249 1297 3317 omnino

126 3363 374 3440 anapaestorum
399 3356 551 3438 exempla
573 3360 713 3440 exstare,
736 3372 818 3435 quae
840 3360 899 3421 aut
916 3360 1051 3423 servent
1068 3357 1217 3440 regulam
1240 3360 1298 3422 aut

126 3467 289 3548 deserant,
319 3482 389 3530 cum
412 3462 659 3546 spondiacorum
684 3463 858 3528 verborum
886 3460 1057 3543 utriusque
1079 3462 1210 3546 generis
1232 3482 1298 3529 ma-

125 3590 224 3654 gnam
259 3570 479 3638 invenerimus
516 3567 762 3636 multitudinem
798 3566 850 3654 (ef.
883 3588 935 3651 pp.
965 3570 1107 3650 15-173
1146 3572 1198 3653 30,
1230 3569 1296 3655 31).

126 3677 248 3744 Contra
270 3678 334 3744 illa
356 3676 439 3744 enim
464 3680 483 3743 3
508 3678 659 3759 exempla
676 3674 826 3760 legitima
847 3675 890 3758 (p.
906 3674 962 3762 94)
985 3676 1141 3742 habemus
1161 3677 1191 3760 5,
1213 3696 1297 3758 quae

125 3792 221 3851 extra
243 3787 391 3870 regulam
414 3783 592 3867 composite
614 3783 693 3849 sint:

222 3914 251 3975 p.
277 3895 328 3976 74,
350 3892 430 3959 820
454 3941 637 3958 .........
657 3892 750 3958 velle
773 3889 872 3956 alium
897 3908 1002 3972 poena
1023 3908 1083 3956 sua

222 4021 252 4082 p.
276 4002 328 4083 91,
352 4001 415 4066 136
430 4049 569 4065 .......
585 4016 681 4079 quam
703 3996 862 4066 invidiam
884 3995 976 4065 dives
996 3995 1083 4081 fugtt

222 4128 252 4189 p.
276 4108 327 4189 05,
353 4107 414 4172 127
435 4123 685 4187 .......quem
707 4103 854 4188 incipias,
876 4109 952 4187 post
974 4102 1081 4171 oderis
