3014 4642
636 237 856 303 ..13-

257 437 348 503 Trio.
372 438 436 502 285
481 437 639 519 Turbant,
664 435 802 501 miscent
826 453 928 501 mores
952 433 1040 515 mali,
1068 452 1180 515 rapax,
1208 451 1336 515 avarus,

1204 540 1336 608 invidus

261 651 357 716 Most.
383 653 443 716 171
483 650 530 716 Vt
551 649 660 732 lepido
684 668 794 716 omnes
811 647 950 735 <mo>res
974 652 1065 714 tonet
1088 647 1336 728 sententiasque

1173 759 1337 821 amantum
1408 827 1412 835 ,

161 884 294 947 quorum
313 864 453 947 priorem
472 864 560 930 inter
579 864 648 930 alia
667 863 788 930 cantici
806 868 911 928 metra
925 863 1065 929 Plautus
1079 861 1225 928 inseruit.
1252 860 1337 926 Dein

160 973 330 1039 haeremus
353 972 388 1036 in

260 1079 346 1145 Men.
372 1081 457 1146 1090
485 1077 589 1162 Quam
612 1078 668 1143 hic
688 1077 770 1142 tuist
788 1083 889 1157 tuque
907 1075 1003 1143 huius
1022 1082 1143 1159 autenm
1167 1082 1241 1157 post
1260 1095 1337 1141 ean·

887 1187 959 1249 dem
982 1183 1124 1264 patriam
1148 1202 1188 1249 ac
1210 1187 1338 1265 patrem

161 1294 220 1359 ubi
244 1292 272 1358 si
296 1298 508 1374 anapaestum
531 1293 685 1358 ‘eandem’
708 1291 903 1357 metiendum
928 1309 1000 1356 esse
1021 1296 1127 1374 putas,
1149 1310 1213 1356 non
1233 1290 1338 1355 minus

162 1398 337 1466 offenderis
355 1419 451 1480 quam
470 1401 614 1481 spondeo
633 1381 795 1482 eandem,
814 1398 972 1479 siquidem
992 1397 1026 1463 in
1043 1399 1105 1464 hoc
1119 1416 1236 1463 versus
1256 1399 1337 1478 pede

163 1507 426 1588 aspernabantur
459 1510 577 1588 poetae
612 1508 766 1590 syllabae
801 1504 1039 1586 correptionem
1080 1503 1135 1590 (ef.
1168 1503 1336 1570 Klotnium

163 1616 186 1680 l.
215 1633 239 1679 s.
268 1599 492 1695 1115151).
539 1613 691 1680 Ceterum
723 1613 873 1694 ‘patriam
905 1617 940 1678 et
969 1612 1103 1694 patrcm’
1132 1611 1229 1694 paulo
1260 1616 1338 1676 ante

163 1718 363 1785 1111111111
386 1739 416 1787 v.
441 1721 534 1786 1083.
558 1759 602 1767 —
625 1720 772 1800 Itemque
795 1719 828 1784 in
851 1721 914 1784 hoc
937 1737 1034 1786 versu
1057 1719 1235 1799 spondiaca
1257 1735 1338 1787 voce

163 1829 249 1892 male
272 1827 380 1908 posit-a
403 1827 548 1910 rhythmi
571 1829 758 1893 tardantur:

261 1935 361 1999 Mero.
386 1935 449 1999 752
484 1934 655 2000 Iusserunt
676 1932 758 1999 ferri
782 1953 863 2015 quos
885 1933 974 1999 inter
995 1934 1095 2000 iudex
1119 1934 1224 2000 datu’s

163 2041 222 2107 ubi
245 2042 422 2122 spondeum
441 2041 500 2108 vix
518 2040 745 2107 excusabimus
763 2045 899 2122 propter
917 2047 1072 2108 accentus
1090 2039 1243 2123 enclisim‚
1267 2058 1336 2105 oum

164 2153 254 2228 ‘quos
281 2147 377 2214 inter’
405 2149 439 2214 in
464 2150 526 2214 hac
548 2167 663 2217 versus
686 2149 764 2214 sede
788 2149 925 2214 eandem
947 2150 1106 2230 praebeat
1129 2147 1337 2215 offensionem

164 2259 264 2335 atque
283 2254 457 2321 ‘virtutem’
476 2257 529 2322 vel
552 2253 643 2321 aliud
667 2254 805 2335 quodvis
823 2256 1019 2322 vocabulum
1042 2258 1184 2336 spondeo
1202 2253 1337 2321 finitum.

164 2360 278 2442 Neque
296 2380 375 2428 vero
399 2362 516 2427 melius
536 2362 678 2428 numeris
697 2362 939 2428 consuleremus
957 2363 1121 2428 vocabula
1138 2361 1338 2444 traicientes,

165 2485 236 2533 cum
258 2467 308 2533 ita
329 2468 439 2534 hiatus
462 2471 647 2537 inversum
667 2470 830 2550 irreperet
847 2467 937 2534 ‘ferri
954 2470 1043 2534 inter
1061 2487 1140 2550 quos
1159 2469 1220 2548 -',
1243 2488 1338 2550 quam

166 2573 377 2640 mutationem
397 2576 623 2659 Brugmannus
646 2579 686 2642 ob
710 2577 795 2641 hanc
817 2575 956 2641 maxime
979 2594 1111 2642 causam
1129 2575 1340 2656 reprehendit

166 2679 203 2765 (l.
234 2702 258 2747 s.
286 2702 315 2763 p.
344 2684 411 2765 23),
442 2682 519 2762 quia
548 2685 605 2748 lex
631 2683 757 2750 Rubria
786 2683 973 2751 servaverit
1002 2685 1138 2748 eandem
1167 2684 1339 2750 verborum

166 2786 414 2854 collocationem
437 2789 492 2874 (cf.
519 2790 552 2855 O.
576 2791 602 2855 I.
625 2790 661 2856 L.
685 2790 710 2872 Ι,
736 2791 809 2872 205,
832 2790 857 2853 Ι.
880 2789 936 2854 111.
961 2788 1026 2876 49).
1072 2790 1137 2855 Sed
1160 2791 1246 2870 quod
1268 2789 1339 2872 ipse

167 2895 309 2960 coniecit
326 2915 390 2961 non
409 2896 514 2980 magis
531 2896 653 2977 placet:
668 2899 685 2960 ‘.
700 2897 843 2962 ..iudex
859 2915 939 2977 quos
953 2896 1041 2961 inter
1055 2897 1175 2963 datu's’.
1203 2896 1340 2963 Dissua-

167 3002 265 3067 detur
287 3021 352 3067 non
374 3003 603 3068 Palatinorum
626 3004 742 3086 solum,
769 3022 880 3071 verum
906 3002 1006 3068 etiam
1029 3002 1238 3071 Ambrosiani
1261 3003 1340 3069 scri·

166 3113 273 3190 ptura.
324 3107 416 3190 Quae
449 3128 520 3175 cum
550 3110 598 3175 ita
621 3110 700 3193 sint,
732 3110 816 3176 nihil
845 3109 935 3175 aliud
964 3109 1162 3190 relinquitur
1185 3129 1280 3192 quam
1302 3117 1340 3176 ut

166 3221 295 3296 poetam
318 3218 419 3296 plane
441 3216 629 3300 neglexisse
651 3236 855 3283 numerorum
879 3216 1080 3300 elegantiam
1103 3236 1144 3283 ex
1167 3219 1340 3284 verborum

167 3322 356 3388 condicione
369 3324 633 3404 necessitateque
653 3323 864 3406 explicemus
885 3324 1133 3390 observavimus
1147 3324 1232 3390 enim
1246 3327 1339 3390 modo

166 3428 319 3495 Plautum
342 3448 383 3494 ue
405 3429 529 3496 hiatum
547 3430 658 3499 versui
679 3429 819 3496 inferret
841 3434 990 3497 consulto
1013 3431 1189 3498 recessisse
1212 3433 1253 3498 ab
1275 3431 1339 3498 usi·

167 3536 289 3602 tutiore
312 3537 483 3604 verborum
513 3537 628 3604 ordine
651 3536 740 3603 ‘ferri
763 3538 853 3604 inter
876 3539 972 3618 quos’.
996 3575 1038 3585 -
1062 3537 1184 3604 Contra
1205 3537 1340 3606 levioris

166 3641 308 3709 fortasse
331 3645 485 3725 ponderis
509 3653 573 3729 est,
601 3646 687 3725 quod
710 3647 921 3727 spondiacum
944 3645 1135 3713 vocabulum
1159 3645 1283 3728 legitur
1304 3647 1340 3712 in

166 3749 229 3815 hoo
251 3750 419 3818 trochaico
443 3756 632 3818 tetrametro
656 3751 882 3819 acatalectico:

267 3857 348 3923 Hec.
372 3860 436 3924 289
488 3858 524 3924 Si
538 3879 602 3926 non
616 3859 779 3943 rediisses,
796 3859 880 3925 haec
892 3859 962 3926 irae
981 3858 1090 3926 111111
1109 3867 1221 3926 essent
1238 3862 1338 3928 multo

1166 3968 1338 4051 ampliores

168 4093 261 4155 quem
291 4073 393 4139 locum
418 4092 438 4139 a
462 4073 659 4140 coniecturis
682 4073 863 4140 defendunt
885 4075 1031 4141 nonnulli
1054 4094 1167 4143 versus
1190 4075 1340 4142 similiter
