<?xml version="1.0" encoding="UTF-8"?>
<!DOCTYPE html PUBLIC "-//W3C//DTD XHTML 1.0 Transitional//EN"
    "http://www.w3.org/TR/xhtml1/DTD/xhtml1-transitional.dtd">
<html xmlns="http://www.w3.org/1999/xhtml" xml:lang="en" lang="en">
 <head>
  <title>
</title>
<meta http-equiv="Content-Type" content="text/html;charset=utf-8" />
  <meta name='ocr-system' content='tesseract 3.04.00' />
  <meta name='ocr-capabilities' content='ocr_page ocr_carea ocr_par ocr_line ocrx_word'/>
</head>
<body>
  <div class='ocr_page' id='page_1' title='image "./despondeisetana00hinggoog_0060.png"; bbox 0 0 3014 4642; ppageno 0'>
   <div class='ocr_carea' id='block_1_1' title="bbox 148 430 1344 1156">
    <p class='ocr_par' dir='ltr' id='par_1_1' title="bbox 148 430 1344 1156">
     <span class='ocr_line' id='line_1_1' title="bbox 168 430 1344 514; baseline 0 -18"><span class='ocrx_word' id='word_1_1' title='bbox 168 449 232 512; x_wconf 92' lang='lat' dir='ltr'>quo</span> <span class='ocrx_word' id='word_1_2' title='bbox 242 431 278 494; x_wconf 91' lang='lat' dir='ltr'>in</span> <span class='ocrx_word' id='word_1_3' title='bbox 292 434 418 496; x_wconf 82' lang='lat' dir='ltr'>textum</span> <span class='ocrx_word' id='word_1_4' title='bbox 432 435 566 512; x_wconf 88' lang='lat' dir='ltr'>recepto</span> <span class='ocrx_word' id='word_1_5' title='bbox 575 430 699 496; x_wconf 88' lang='lat' dir='ltr'>hiatum</span> <span class='ocrx_word' id='word_1_6' title='bbox 712 434 747 496; x_wconf 92' lang='lat' dir='ltr'>et</span> <span class='ocrx_word' id='word_1_7' title='bbox 756 431 893 514; x_wconf 91' lang='lat' dir='ltr'>spondei</span> <span class='ocrx_word' id='word_1_8' title='bbox 907 431 1114 499; x_wconf 86' lang='lat' dir='ltr'>offensionem</span> <span class='ocrx_word' id='word_1_9' title='bbox 1129 451 1344 514; x_wconf 81' lang='lat' dir='ltr'>removemus3</span> 
     </span>
     <span class='ocr_line' id='line_1_2' title="bbox 167 536 1344 620; baseline 0.002 -17"><span class='ocrx_word' id='word_1_10' title='bbox 167 537 306 603; x_wconf 87' lang='lat' dir='ltr'>alteram</span> <span class='ocrx_word' id='word_1_11' title='bbox 324 543 432 604; x_wconf 87' lang='lat' dir='ltr'>autern</span> <span class='ocrx_word' id='word_1_12' title='bbox 452 536 598 619; x_wconf 88' lang='lat' dir='ltr'>quisquis</span> <span class='ocrx_word' id='word_1_13' title='bbox 617 538 689 605; x_wconf 92' lang='lat' dir='ltr'>vult</span> <span class='ocrx_word' id='word_1_14' title='bbox 707 537 849 620; x_wconf 85' lang='lat' dir='ltr'>probari,</span> <span class='ocrx_word' id='word_1_15' title='bbox 873 557 937 619; x_wconf 88' lang='lat' dir='ltr'>qua</span> <span class='ocrx_word' id='word_1_16' title='bbox 956 538 1111 605; x_wconf 82' lang='lat' dir='ltr'>usitatior</span> <span class='ocrx_word' id='word_1_17' title='bbox 1129 539 1233 606; x_wconf 83' lang='lat' dir='ltr'>forma</span> <span class='ocrx_word' id='word_1_18' title='bbox 1251 538 1344 620; x_wconf 89' lang='lat' dir='ltr'>‘quoi’</span> 
     </span>
     <span class='ocr_line' id='line_1_3' title="bbox 167 643 1344 735; baseline 0.002 -25"><span class='ocrx_word' id='word_1_19' title='bbox 167 648 327 725; x_wconf 89' lang='lat' dir='ltr'>servetur,</span> <span class='ocrx_word' id='word_1_20' title='bbox 340 643 450 710; x_wconf 87' lang='lat' dir='ltr'>facere</span> <span class='ocrx_word' id='word_1_21' title='bbox 465 663 529 710; x_wconf 92' lang='lat' dir='ltr'>non</span> <span class='ocrx_word' id='word_1_22' title='bbox 543 644 669 726; x_wconf 90' lang='lat' dir='ltr'>poterit</span> <span class='ocrx_word' id='word_1_23' title='bbox 683 643 760 725; x_wconf 93' lang='lat' dir='ltr'>quin</span> <span class='ocrx_word' id='word_1_24' title='bbox 774 646 949 726; x_wconf 88' lang='lat' dir='ltr'>spondeum</span> <span class='ocrx_word' id='word_1_25' title='bbox 965 650 1123 729; x_wconf 86' lang='lat' dir='ltr'>agnoscat</span> <span class='ocrx_word' id='word_1_26' title='bbox 1137 646 1344 735; x_wconf 16' lang='lat' dir='ltr'>sive-toleret</span> 
     </span>
     <span class='ocr_line' id='line_1_4' title="bbox 167 750 1344 835; baseline 0.003 -19"><span class='ocrx_word' id='word_1_27' title='bbox 167 750 241 819; x_wconf 91' lang='lat' dir='ltr'>sive</span> <span class='ocrx_word' id='word_1_28' title='bbox 262 750 359 817; x_wconf 88' lang='lat' dir='ltr'>tollit</span> <span class='ocrx_word' id='word_1_29' title='bbox 379 751 515 816; x_wconf 91' lang='lat' dir='ltr'>hiatum.</span> <span class='ocrx_word' id='word_1_30' title='bbox 556 751 674 832; x_wconf 87' lang='lat' dir='ltr'>Itaque</span> <span class='ocrx_word' id='word_1_31' title='bbox 698 752 847 833; x_wconf 79' lang='lat' dir='ltr'>quaestio</span> <span class='ocrx_word' id='word_1_32' title='bbox 872 752 1026 835; x_wconf 83' lang='lat' dir='ltr'>exoritur,</span> <span class='ocrx_word' id='word_1_33' title='bbox 1051 755 1207 835; x_wconf 90' lang='lat' dir='ltr'>quomodo</span> <span class='ocrx_word' id='word_1_34' title='bbox 1230 772 1344 819; x_wconf 88' lang='lat' dir='ltr'>accen-</span> 
     </span>
     <span class='ocr_line' id='line_1_5' title="bbox 165 857 1343 940; baseline 0.001 -16"><span class='ocrx_word' id='word_1_35' title='bbox 165 862 257 924; x_wconf 91' lang='lat' dir='ltr'>tuum</span> <span class='ocrx_word' id='word_1_36' title='bbox 279 857 514 926; x_wconf 75' lang='lat' dir='ltr'>insuavitatem</span> <span class='ocrx_word' id='word_1_37' title='bbox 536 858 717 940; x_wconf 84' lang='lat' dir='ltr'>spondiaea</span> <span class='ocrx_word' id='word_1_38' title='bbox 740 877 821 926; x_wconf 91' lang='lat' dir='ltr'>voce</span> <span class='ocrx_word' id='word_1_39' title='bbox 845 858 992 925; x_wconf 84' lang='lat' dir='ltr'>effectam</span> <span class='ocrx_word' id='word_1_40' title='bbox 1016 861 1155 926; x_wconf 89' lang='lat' dir='ltr'>Plautus</span> <span class='ocrx_word' id='word_1_41' title='bbox 1178 859 1343 929; x_wconf 90' lang='lat' dir='ltr'>leniverit.</span> 
     </span>
     <span class='ocr_line' id='line_1_6' title="bbox 148 963 1343 1049; baseline 0.002 -19"><span class='ocrx_word' id='word_1_42' title='bbox 148 963 374 1047; x_wconf 54' lang='lat' dir='ltr'>,Cogitaverit</span> <span class='ocrx_word' id='word_1_43' title='bbox 401 964 559 1047; x_wconf 84' lang='lat' dir='ltr'>quispiam</span> <span class='ocrx_word' id='word_1_44' title='bbox 587 966 628 1031; x_wconf 93' lang='lat' dir='ltr'>de</span> <span class='ocrx_word' id='word_1_45' title='bbox 656 964 771 1032; x_wconf 91' lang='lat' dir='ltr'>enclisi</span> <span class='ocrx_word' id='word_1_46' title='bbox 798 966 996 1047; x_wconf 80' lang='lat' dir='ltr'>pronominis</span> <span class='ocrx_word' id='word_1_47' title='bbox 1024 986 1139 1035; x_wconf 90' lang='lat' dir='ltr'>versus</span> <span class='ocrx_word' id='word_1_48' title='bbox 1166 967 1343 1049; x_wconf 80' lang='lat' dir='ltr'>respiciens</span> 
     </span>
     <span class='ocr_line' id='line_1_7' title="bbox 167 1072 1343 1156; baseline 0.002 -19"><span class='ocrx_word' id='word_1_49' title='bbox 167 1090 248 1154; x_wconf 88' lang='lat' dir='ltr'>qnos</span> <span class='ocrx_word' id='word_1_50' title='bbox 279 1091 378 1154; x_wconf 88' lang='lat' dir='ltr'>supra</span> <span class='ocrx_word' id='word_1_51' title='bbox 410 1072 632 1140; x_wconf 77' lang='lat' dir='ltr'>tractavimus.</span> <span class='ocrx_word' id='word_1_52' title='bbox 685 1072 751 1139; x_wconf 86' lang='lat' dir='ltr'>Sed</span> <span class='ocrx_word' id='word_1_53' title='bbox 784 1078 880 1139; x_wconf 83' lang='lat' dir='ltr'>amnt</span> <span class='ocrx_word' id='word_1_54' title='bbox 908 1073 1050 1140; x_wconf 82' lang='lat' dir='ltr'>fortasse</span> <span class='ocrx_word' id='word_1_55' title='bbox 1081 1074 1136 1156; x_wconf 90' lang='lat' dir='ltr'>qui</span> <span class='ocrx_word' id='word_1_56' title='bbox 1165 1073 1343 1142; x_wconf 88' lang='lat' dir='ltr'>relativum</span> 
     </span>
    </p>
   </div>
   <div class='ocr_carea' id='block_1_2' title="bbox 165 1179 1457 1269">
    <p class='ocr_par' dir='ltr' id='par_1_2' title="bbox 165 1179 1457 1269">
     <span class='ocr_line' id='line_1_8' title="bbox 165 1179 1457 1269; baseline 0.002 -26"><span class='ocrx_word' id='word_1_57' title='bbox 165 1197 342 1260; x_wconf 90' lang='lat' dir='ltr'>pronomen</span> <span class='ocrx_word' id='word_1_58' title='bbox 365 1179 511 1246; x_wconf 88' lang='lat' dir='ltr'>enciisim</span> <span class='ocrx_word' id='word_1_59' title='bbox 534 1179 644 1246; x_wconf 88' lang='lat' dir='ltr'>subire</span> <span class='ocrx_word' id='word_1_60' title='bbox 663 1181 836 1264; x_wconf 84' lang='lat' dir='ltr'>denegent,</span> <span class='ocrx_word' id='word_1_61' title='bbox 860 1180 1016 1261; x_wconf 84' lang='lat' dir='ltr'>siquidem</span> <span class='ocrx_word' id='word_1_62' title='bbox 1037 1181 1131 1262; x_wconf 86' lang='lat' dir='ltr'>‘quoi’</span> <span class='ocrx_word' id='word_1_63' title='bbox 1151 1200 1221 1247; x_wconf 93' lang='lat' dir='ltr'>cum</span> <span class='ocrx_word' id='word_1_64' title='bbox 1241 1183 1341 1249; x_wconf 87' lang='lat' dir='ltr'>verbo</span> <span class='ocrx_word' id='word_1_65' title='bbox 1456 1265 1457 1269; x_wconf 7' lang='grc' dir='ltr'><strong>Ἰ</strong></span> 
     </span>
    </p>
   </div>
   <div class='ocr_carea' id='block_1_3' title="bbox 165 1284 1343 1903">
    <p class='ocr_par' dir='ltr' id='par_1_3' title="bbox 165 1284 1343 1903">
     <span class='ocr_line' id='line_1_9' title="bbox 165 1284 1342 1371; baseline 0.004 -21"><span class='ocrx_word' id='word_1_66' title='bbox 165 1284 360 1367; x_wconf 84' lang='lat' dir='ltr'>insequente</span> <span class='ocrx_word' id='word_1_67' title='bbox 383 1290 455 1353; x_wconf 83' lang='lat' dir='ltr'>erte</span> <span class='ocrx_word' id='word_1_68' title='bbox 479 1287 643 1352; x_wconf 82' lang='lat' dir='ltr'>cohaeret.</span> <span class='ocrx_word' id='word_1_69' title='bbox 693 1288 810 1369; x_wconf 87' lang='lat' dir='ltr'>Itaque</span> <span class='ocrx_word' id='word_1_70' title='bbox 841 1288 885 1352; x_wconf 89' lang='lat' dir='ltr'>ad</span> <span class='ocrx_word' id='word_1_71' title='bbox 914 1287 948 1352; x_wconf 95' lang='lat' dir='ltr'>id</span> <span class='ocrx_word' id='word_1_72' title='bbox 979 1287 1203 1371; x_wconf 84' lang='lat' dir='ltr'>pervenimus,</span> <span class='ocrx_word' id='word_1_73' title='bbox 1232 1293 1271 1355; x_wconf 92' lang='lat' dir='ltr'>ut</span> <span class='ocrx_word' id='word_1_74' title='bbox 1301 1309 1342 1355; x_wconf 84' lang='lat' dir='ltr'>ex</span> 
     </span>
     <span class='ocr_line' id='line_1_10' title="bbox 166 1391 1343 1476; baseline 0.003 -17"><span class='ocrx_word' id='word_1_75' title='bbox 166 1391 297 1474; x_wconf 82' lang='lat' dir='ltr'>procliui</span> <span class='ocrx_word' id='word_1_76' title='bbox 320 1393 461 1474; x_wconf 90' lang='lat' dir='ltr'>quadam</span> <span class='ocrx_word' id='word_1_77' title='bbox 483 1392 684 1474; x_wconf 89' lang='lat' dir='ltr'>pronominis</span> <span class='ocrx_word' id='word_1_78' title='bbox 707 1393 825 1459; x_wconf 88' lang='lat' dir='ltr'>ultima</span> <span class='ocrx_word' id='word_1_79' title='bbox 849 1396 912 1461; x_wconf 89' lang='lat' dir='ltr'>duo</span> <span class='ocrx_word' id='word_1_80' title='bbox 932 1396 1036 1461; x_wconf 88' lang='lat' dir='ltr'>verba</span> <span class='ocrx_word' id='word_1_81' title='bbox 1055 1394 1141 1476; x_wconf 90' lang='lat' dir='ltr'>‘quoi</span> <span class='ocrx_word' id='word_1_82' title='bbox 1159 1395 1273 1461; x_wconf 82' lang='lat' dir='ltr'>debeo&#39;</span> <span class='ocrx_word' id='word_1_83' title='bbox 1293 1395 1343 1462; x_wconf 87' lang='lat' dir='ltr'>ita</span> 
     </span>
     <span class='ocr_line' id='line_1_11' title="bbox 166 1500 1341 1585; baseline 0.003 -21"><span class='ocrx_word' id='word_1_84' title='bbox 166 1501 257 1567; x_wconf 86' lang='lat' dir='ltr'>inter</span> <span class='ocrx_word' id='word_1_85' title='bbox 286 1519 323 1566; x_wconf 89' lang='lat' dir='ltr'>se</span> <span class='ocrx_word' id='word_1_86' title='bbox 355 1500 528 1568; x_wconf 84' lang='lat' dir='ltr'>coniuncta</span> <span class='ocrx_word' id='word_1_87' title='bbox 561 1519 631 1566; x_wconf 89' lang='lat' dir='ltr'>esse</span> <span class='ocrx_word' id='word_1_88' title='bbox 663 1503 848 1585; x_wconf 87' lang='lat' dir='ltr'>credamus,</span> <span class='ocrx_word' id='word_1_89' title='bbox 880 1507 917 1568; x_wconf 96' lang='lat' dir='ltr'>ut</span> <span class='ocrx_word' id='word_1_90' title='bbox 945 1503 1045 1584; x_wconf 85' lang='lat' dir='ltr'>plene</span> <span class='ocrx_word' id='word_1_91' title='bbox 1074 1508 1215 1584; x_wconf 89' lang='lat' dir='ltr'>aequent</span> <span class='ocrx_word' id='word_1_92' title='bbox 1244 1521 1341 1569; x_wconf 92' lang='lat' dir='ltr'>unum</span> 
     </span>
     <span class='ocr_line' id='line_1_12' title="bbox 166 1605 1340 1692; baseline 0.003 -20"><span class='ocrx_word' id='word_1_93' title='bbox 166 1605 340 1673; x_wconf 86' lang='lat' dir='ltr'>creditoris</span> <span class='ocrx_word' id='word_1_94' title='bbox 358 1607 552 1675; x_wconf 87' lang='lat' dir='ltr'>vocabulum</span> <span class='ocrx_word' id='word_1_95' title='bbox 575 1609 635 1673; x_wconf 91' lang='lat' dir='ltr'>sub</span> <span class='ocrx_word' id='word_1_96' title='bbox 658 1627 722 1674; x_wconf 94' lang='lat' dir='ltr'>uno</span> <span class='ocrx_word' id='word_1_97' title='bbox 743 1613 880 1675; x_wconf 85' lang='lat' dir='ltr'>accentu</span> <span class='ocrx_word' id='word_1_98' title='bbox 900 1610 1031 1676; x_wconf 89' lang='lat' dir='ltr'>elatum.</span> <span class='ocrx_word' id='word_1_99' title='bbox 1070 1608 1164 1692; x_wconf 81' lang='lat' dir='ltr'>Quod</span> <span class='ocrx_word' id='word_1_100' title='bbox 1183 1609 1212 1676; x_wconf 92' lang='lat' dir='ltr'>si</span> <span class='ocrx_word' id='word_1_101' title='bbox 1230 1629 1340 1677; x_wconf 88' lang='lat' dir='ltr'>verum</span> 
     </span>
     <span class='ocr_line' id='line_1_13' title="bbox 165 1714 1342 1800; baseline 0.004 -21"><span class='ocrx_word' id='word_1_102' title='bbox 165 1718 230 1797; x_wconf 87' lang='lat' dir='ltr'>est,</span> <span class='ocrx_word' id='word_1_103' title='bbox 258 1715 392 1779; x_wconf 88' lang='lat' dir='ltr'>eandem</span> <span class='ocrx_word' id='word_1_104' title='bbox 419 1714 575 1781; x_wconf 88' lang='lat' dir='ltr'>habemus</span> <span class='ocrx_word' id='word_1_105' title='bbox 603 1714 842 1781; x_wconf 86' lang='lat' dir='ltr'>excusationem</span> <span class='ocrx_word' id='word_1_106' title='bbox 871 1715 1027 1797; x_wconf 85' lang='lat' dir='ltr'>quanin</span> <span class='ocrx_word' id='word_1_107' title='bbox 1056 1715 1220 1798; x_wconf 88' lang='lat' dir='ltr'>plerisque</span> <span class='ocrx_word' id='word_1_108' title='bbox 1248 1736 1342 1800; x_wconf 91' lang='lat' dir='ltr'>spou-</span> 
     </span>
     <span class='ocr_line' id='line_1_14' title="bbox 165 1819 719 1903; baseline -0.002 -18"><span class='ocrx_word' id='word_1_109' title='bbox 165 1819 298 1887; x_wconf 89' lang='lat' dir='ltr'>deorum</span> <span class='ocrx_word' id='word_1_110' title='bbox 322 1820 478 1902; x_wconf 86' lang='lat' dir='ltr'>exemplis</span> <span class='ocrx_word' id='word_1_111' title='bbox 501 1821 719 1903; x_wconf 86' lang='lat' dir='ltr'>cognovimus.</span> 
     </span>
    </p>
   </div>
   <div class='ocr_carea' id='block_1_4' title="bbox 165 2087 1340 2279">
    <p class='ocr_par' dir='ltr' id='par_1_4' title="bbox 165 2087 1340 2279">
     <span class='ocr_line' id='line_1_15' title="bbox 165 2087 1340 2171; baseline 0.005 -18"><span class='ocrx_word' id='word_1_112' title='bbox 165 2091 196 2155; x_wconf 76' lang='lat'>4.</span> <span class='ocrx_word' id='word_1_113' title='bbox 229 2087 375 2171; x_wconf 79' lang='lat' dir='ltr'>Quibus</span> <span class='ocrx_word' id='word_1_114' title='bbox 407 2088 503 2156; x_wconf 89' lang='lat' dir='ltr'>aliis</span> <span class='ocrx_word' id='word_1_115' title='bbox 536 2088 717 2155; x_wconf 84' lang='lat' dir='ltr'>licentiis</span> <span class='ocrx_word' id='word_1_116' title='bbox 749 2109 839 2156; x_wconf 91' lang='lat' dir='ltr'>usus</span> <span class='ocrx_word' id='word_1_117' title='bbox 867 2091 1035 2157; x_wconf 86' lang='lat' dir='ltr'>Plautus</span> <span class='ocrx_word' id='word_1_118' title='bbox 1067 2099 1105 2157; x_wconf 91' lang='lat' dir='ltr'>in</span> <span class='ocrx_word' id='word_1_119' title='bbox 1135 2093 1340 2159; x_wconf 90' lang='lat' dir='ltr'>nonnullis</span> 
     </span>
     <span class='ocr_line' id='line_1_16' title="bbox 228 2195 1338 2279; baseline 0.004 -17"><span class='ocrx_word' id='word_1_120' title='bbox 228 2195 410 2262; x_wconf 89' lang='lat' dir='ltr'>versibus</span> <span class='ocrx_word' id='word_1_121' title='bbox 433 2215 592 2279; x_wconf 89' lang='lat' dir='ltr'>gravem</span> <span class='ocrx_word' id='word_1_122' title='bbox 610 2198 814 2263; x_wconf 90' lang='lat' dir='ltr'>verborum</span> <span class='ocrx_word' id='word_1_123' title='bbox 838 2195 955 2262; x_wconf 90' lang='lat' dir='ltr'>ictum</span> <span class='ocrx_word' id='word_1_124' title='bbox 975 2215 1020 2262; x_wconf 82' lang='lat' dir='ltr'>ex</span> <span class='ocrx_word' id='word_1_125' title='bbox 1042 2198 1146 2264; x_wconf 88' lang='lat' dir='ltr'>thesi</span> <span class='ocrx_word' id='word_1_126' title='bbox 1165 2198 1338 2266; x_wconf 90' lang='lat' dir='ltr'>moverit.</span> 
     </span>
    </p>
   </div>
   <div class='ocr_carea' id='block_1_5' title="bbox 160 2354 1340 4148">
    <p class='ocr_par' dir='ltr' id='par_1_5' title="bbox 163 2354 1340 2650">
     <span class='ocr_line' id='line_1_17' title="bbox 254 2354 1340 2438; baseline 0.005 -18"><span class='ocrx_word' id='word_1_127' title='bbox 254 2354 392 2438; x_wconf 80' lang='lat' dir='ltr'>Quorum</span> <span class='ocrx_word' id='word_1_128' title='bbox 420 2355 454 2420; x_wconf 92' lang='lat' dir='ltr'>in</span> <span class='ocrx_word' id='word_1_129' title='bbox 482 2373 614 2422; x_wconf 89' lang='lat' dir='ltr'>numero</span> <span class='ocrx_word' id='word_1_130' title='bbox 643 2355 765 2438; x_wconf 90' lang='lat' dir='ltr'>primus</span> <span class='ocrx_word' id='word_1_131' title='bbox 792 2357 960 2422; x_wconf 86' lang='lat' dir='ltr'>habendus</span> <span class='ocrx_word' id='word_1_132' title='bbox 984 2362 1036 2423; x_wconf 89' lang='lat' dir='ltr'>est</span> <span class='ocrx_word' id='word_1_133' title='bbox 1058 2358 1340 2425; x_wconf 87' lang='lat' dir='ltr'>Menaechmorum</span> 
     </span>
     <span class='ocr_line' id='line_1_18' title="bbox 164 2460 1339 2545; baseline 0.006 -20"><span class='ocrx_word' id='word_1_134' title='bbox 164 2481 195 2528; x_wconf 90' lang='lat' dir='ltr'>v.</span> <span class='ocrx_word' id='word_1_135' title='bbox 219 2463 295 2544; x_wconf 82' lang='grc'><strong>630,</strong></span> <span class='ocrx_word' id='word_1_136' title='bbox 317 2479 412 2543; x_wconf 91' lang='lat' dir='ltr'>quem</span> <span class='ocrx_word' id='word_1_137' title='bbox 435 2460 584 2527; x_wconf 88' lang='lat' dir='ltr'>Palatini</span> <span class='ocrx_word' id='word_1_138' title='bbox 607 2464 699 2528; x_wconf 88' lang='lat' dir='ltr'>codd.</span> <span class='ocrx_word' id='word_1_139' title='bbox 723 2462 757 2528; x_wconf 94' lang='lat' dir='ltr'>in</span> <span class='ocrx_word' id='word_1_140' title='bbox 780 2463 1044 2545; x_wconf 80' lang='lat' dir='ltr'>orthographicis</span> <span class='ocrx_word' id='word_1_141' title='bbox 1068 2469 1195 2531; x_wconf 87' lang='lat' dir='ltr'>tautum</span> <span class='ocrx_word' id='word_1_142' title='bbox 1219 2465 1339 2533; x_wconf 92' lang='lat' dir='ltr'>discre-</span> 
     </span>
     <span class='ocr_line' id='line_1_19' title="bbox 163 2567 548 2650; baseline -0.003 -15"><span class='ocrx_word' id='word_1_143' title='bbox 163 2571 281 2650; x_wconf 89' lang='lat' dir='ltr'>pantes</span> <span class='ocrx_word' id='word_1_144' title='bbox 303 2567 353 2634; x_wconf 86' lang='lat' dir='ltr'>ita</span> <span class='ocrx_word' id='word_1_145' title='bbox 374 2569 548 2650; x_wconf 84' lang='lat' dir='ltr'>praebent:</span> 
     </span>
    </p>

    <p class='ocr_par' dir='ltr' id='par_1_6' title="bbox 261 2674 1339 2760">
     <span class='ocr_line' id='line_1_20' title="bbox 261 2674 1339 2760; baseline 0.006 -21"><span class='ocrx_word' id='word_1_146' title='bbox 261 2674 375 2756; x_wconf 91' lang='lat' dir='ltr'>Neque</span> <span class='ocrx_word' id='word_1_147' title='bbox 403 2676 520 2758; x_wconf 92' lang='lat' dir='ltr'>edepol</span> <span class='ocrx_word' id='word_1_148' title='bbox 547 2694 607 2760; x_wconf 89' lang='lat' dir='ltr'>ego</span> <span class='ocrx_word' id='word_1_149' title='bbox 636 2676 754 2758; x_wconf 87' lang='lat' dir='ltr'>prandi</span> <span class='ocrx_word' id='word_1_150' title='bbox 781 2695 886 2758; x_wconf 89' lang='lat' dir='ltr'>neque</span> <span class='ocrx_word' id='word_1_151' title='bbox 914 2677 1011 2743; x_wconf 89' lang='lat' dir='ltr'>hodie</span> <span class='ocrx_word' id='word_1_152' title='bbox 1039 2678 1101 2743; x_wconf 93' lang='lat' dir='ltr'>huc</span> <span class='ocrx_word' id='word_1_153' title='bbox 1128 2678 1216 2744; x_wconf 88' lang='lat' dir='ltr'>intro</span> <span class='ocrx_word' id='word_1_154' title='bbox 1239 2680 1339 2745; x_wconf 91' lang='lat' dir='ltr'>tetuli</span> 
     </span>
    </p>

    <p class='ocr_par' dir='ltr' id='par_1_7' title="bbox 1225 2787 1339 2866">
     <span class='ocr_line' id='line_1_21' title="bbox 1225 2787 1339 2866; baseline 0.018 -16"><span class='ocrx_word' id='word_1_155' title='bbox 1225 2787 1339 2866; x_wconf 88' lang='lat' dir='ltr'>pedem</span> 
     </span>
    </p>

    <p class='ocr_par' dir='ltr' id='par_1_8' title="bbox 163 2887 1339 3186">
     <span class='ocr_line' id='line_1_22' title="bbox 163 2887 1339 2974; baseline 0.003 -20"><span class='ocrx_word' id='word_1_156' title='bbox 163 2887 274 2955; x_wconf 84' lang='lat' dir='ltr'>Aliam</span> <span class='ocrx_word' id='word_1_157' title='bbox 297 2890 469 2955; x_wconf 91' lang='lat' dir='ltr'>verborum</span> <span class='ocrx_word' id='word_1_158' title='bbox 498 2889 745 2956; x_wconf 89' lang='lat' dir='ltr'>collocationem</span> <span class='ocrx_word' id='word_1_159' title='bbox 773 2909 872 2974; x_wconf 81' lang='lat' dir='ltr'>aegre</span> <span class='ocrx_word' id='word_1_160' title='bbox 896 2889 1081 2956; x_wconf 83' lang='lat' dir='ltr'>efficiemus.</span> <span class='ocrx_word' id='word_1_161' title='bbox 1127 2892 1236 2972; x_wconf 85' lang='lat' dir='ltr'>Atque</span> <span class='ocrx_word' id='word_1_162' title='bbox 1259 2911 1339 2957; x_wconf 90' lang='lat' dir='ltr'>sane</span> 
     </span>
     <span class='ocr_line' id='line_1_23' title="bbox 163 2994 1339 3078; baseline 0.003 -16"><span class='ocrx_word' id='word_1_163' title='bbox 163 2994 340 3078; x_wconf 89' lang='lat' dir='ltr'>genuinum</span> <span class='ocrx_word' id='word_1_164' title='bbox 369 3014 476 3062; x_wconf 90' lang='lat' dir='ltr'>eorum</span> <span class='ocrx_word' id='word_1_165' title='bbox 503 2997 649 3063; x_wconf 88' lang='lat' dir='ltr'>ordinem</span> <span class='ocrx_word' id='word_1_166' title='bbox 672 2996 765 3062; x_wconf 93' lang='lat' dir='ltr'>libris</span> <span class='ocrx_word' id='word_1_167' title='bbox 789 3002 956 3066; x_wconf 87' lang='lat' dir='ltr'>servatum</span> <span class='ocrx_word' id='word_1_168' title='bbox 980 3016 1052 3062; x_wconf 90' lang='lat' dir='ltr'>esse</span> <span class='ocrx_word' id='word_1_169' title='bbox 1076 2996 1200 3063; x_wconf 87' lang='lat' dir='ltr'>similes</span> <span class='ocrx_word' id='word_1_170' title='bbox 1223 3018 1339 3065; x_wconf 90' lang='lat' dir='ltr'>versus</span> 
     </span>
     <span class='ocr_line' id='line_1_24' title="bbox 163 3102 465 3186; baseline 0.003 -19"><span class='ocrx_word' id='word_1_171' title='bbox 163 3106 338 3186; x_wconf 83' lang='lat' dir='ltr'>testantur,</span> <span class='ocrx_word' id='word_1_172' title='bbox 361 3102 465 3170; x_wconf 89' lang='lat' dir='ltr'>veluti</span> 
     </span>
    </p>

    <p class='ocr_par' dir='ltr' id='par_1_9' title="bbox 261 3209 1303 3303">
     <span class='ocr_line' id='line_1_25' title="bbox 261 3209 1303 3303; baseline 0.003 -30"><span class='ocrx_word' id='word_1_173' title='bbox 261 3209 346 3275; x_wconf 87' lang='lat' dir='ltr'>Men.</span> <span class='ocrx_word' id='word_1_174' title='bbox 370 3210 432 3275; x_wconf 89' lang='lat'>381</span> <span class='ocrx_word' id='word_1_175' title='bbox 471 3209 542 3274; x_wconf 91' lang='lat' dir='ltr'>Nisi</span> <span class='ocrx_word' id='word_1_176' title='bbox 564 3209 661 3276; x_wconf 91' lang='lat' dir='ltr'>hodie</span> <span class='ocrx_word' id='word_1_177' title='bbox 684 3229 856 3290; x_wconf 89' lang='lat' dir='ltr'>numquam</span> <span class='ocrx_word' id='word_1_178' title='bbox 879 3210 967 3276; x_wconf 89' lang='lat' dir='ltr'>intro</span> <span class='ocrx_word' id='word_1_179' title='bbox 990 3210 1105 3277; x_wconf 86' lang='lat' dir='ltr'>tetulit</span> <span class='ocrx_word' id='word_1_180' title='bbox 1121 3262 1215 3277; x_wconf 89' lang='grc'><strong>.....</strong></span> <span class='ocrx_word' id='word_1_181' title='bbox 1301 3298 1303 3303; x_wconf 13' lang='lat'><strong>¹</strong></span> 
     </span>
    </p>

    <p class='ocr_par' dir='ltr' id='par_1_10' title="bbox 160 3315 1337 4148">
     <span class='ocr_line' id='line_1_26' title="bbox 261 3315 885 3384; baseline 0.002 -4"><span class='ocrx_word' id='word_1_182' title='bbox 261 3315 356 3381; x_wconf 88' lang='lat' dir='ltr'>Most.</span> <span class='ocrx_word' id='word_1_183' title='bbox 381 3317 444 3380; x_wconf 81' lang='lat'>471</span> <span class='ocrx_word' id='word_1_184' title='bbox 469 3316 570 3381; x_wconf 88' lang='lat' dir='ltr'>Nemo</span> <span class='ocrx_word' id='word_1_185' title='bbox 593 3318 680 3383; x_wconf 90' lang='lat' dir='ltr'>intro</span> <span class='ocrx_word' id='word_1_186' title='bbox 703 3316 885 3384; x_wconf 85' lang='lat' dir='ltr'>tetulit...</span> 
     </span>
     <span class='ocr_line' id='line_1_27' title="bbox 162 3422 1337 3503; baseline 0.003 -16"><span class='ocrx_word' id='word_1_187' title='bbox 162 3423 281 3503; x_wconf 84' lang='lat' dir='ltr'>Itaque</span> <span class='ocrx_word' id='word_1_188' title='bbox 303 3440 508 3503; x_wconf 86' lang='lat' dir='ltr'>nequaquam</span> <span class='ocrx_word' id='word_1_189' title='bbox 530 3422 610 3488; x_wconf 87' lang='lat' dir='ltr'>lieet</span> <span class='ocrx_word' id='word_1_190' title='bbox 633 3422 797 3490; x_wconf 88' lang='lat' dir='ltr'>divellere</span> <span class='ocrx_word' id='word_1_191' title='bbox 820 3424 922 3489; x_wconf 91' lang='lat' dir='ltr'>verba</span> <span class='ocrx_word' id='word_1_192' title='bbox 945 3423 1041 3489; x_wconf 81' lang='lat' dir='ltr'>‘intro</span> <span class='ocrx_word' id='word_1_193' title='bbox 1065 3424 1171 3490; x_wconf 89' lang='lat' dir='ltr'>tetuli’</span> <span class='ocrx_word' id='word_1_194' title='bbox 1195 3425 1229 3489; x_wconf 93' lang='lat' dir='ltr'>iu</span> <span class='ocrx_word' id='word_1_195' title='bbox 1252 3426 1337 3492; x_wconf 92' lang='lat' dir='ltr'>Men.</span> 
     </span>
     <span class='ocr_line' id='line_1_28' title="bbox 162 3529 1337 3612; baseline -0.001 -15"><span class='ocrx_word' id='word_1_196' title='bbox 162 3549 192 3597; x_wconf 94' lang='lat' dir='ltr'>v.</span> <span class='ocrx_word' id='word_1_197' title='bbox 216 3530 295 3612; x_wconf 84' lang='lat'>630,</span> <span class='ocrx_word' id='word_1_198' title='bbox 327 3547 432 3610; x_wconf 90' lang='lat' dir='ltr'>neque</span> <span class='ocrx_word' id='word_1_199' title='bbox 459 3529 669 3610; x_wconf 87' lang='lat' dir='ltr'>spondiaeum</span> <span class='ocrx_word' id='word_1_200' title='bbox 697 3529 731 3594; x_wconf 95' lang='lat' dir='ltr'>in</span> <span class='ocrx_word' id='word_1_201' title='bbox 761 3531 863 3596; x_wconf 89' lang='lat' dir='ltr'>tertio</span> <span class='ocrx_word' id='word_1_202' title='bbox 892 3550 912 3595; x_wconf 88' lang='lat' dir='ltr'>a</span> <span class='ocrx_word' id='word_1_203' title='bbox 939 3529 1004 3596; x_wconf 90' lang='lat' dir='ltr'>fine</span> <span class='ocrx_word' id='word_1_204' title='bbox 1033 3532 1117 3610; x_wconf 89' lang='lat' dir='ltr'>pede</span> <span class='ocrx_word' id='word_1_205' title='bbox 1144 3531 1337 3598; x_wconf 90' lang='lat' dir='ltr'>vocabulum</span> 
     </span>
     <span class='ocr_line' id='line_1_29' title="bbox 162 3634 1336 3720; baseline 0.002 -18"><span class='ocrx_word' id='word_1_206' title='bbox 162 3634 425 3702; x_wconf 88' lang='lat' dir='ltr'>sollicitabimus.</span> <span class='ocrx_word' id='word_1_207' title='bbox 477 3637 523 3701; x_wconf 85' lang='lat' dir='ltr'>Et</span> <span class='ocrx_word' id='word_1_208' title='bbox 550 3637 585 3701; x_wconf 91' lang='lat' dir='ltr'>in</span> <span class='ocrx_word' id='word_1_209' title='bbox 612 3638 673 3702; x_wconf 88' lang='lat' dir='ltr'>hoe</span> <span class='ocrx_word' id='word_1_210' title='bbox 706 3638 877 3703; x_wconf 89' lang='lat' dir='ltr'>verborum</span> <span class='ocrx_word' id='word_1_211' title='bbox 911 3642 1068 3703; x_wconf 85' lang='lat' dir='ltr'>contextu</span> <span class='ocrx_word' id='word_1_212' title='bbox 1101 3635 1201 3703; x_wconf 82' lang='lat' dir='ltr'>facile</span> <span class='ocrx_word' id='word_1_213' title='bbox 1234 3639 1336 3720; x_wconf 86' lang='lat' dir='ltr'>expli-</span> 
     </span>
     <span class='ocr_line' id='line_1_30' title="bbox 161 3742 1337 3828; baseline 0.002 -18"><span class='ocrx_word' id='word_1_214' title='bbox 161 3748 240 3810; x_wconf 87' lang='lat' dir='ltr'>catu</span> <span class='ocrx_word' id='word_1_215' title='bbox 272 3747 337 3826; x_wconf 88' lang='lat' dir='ltr'>est,</span> <span class='ocrx_word' id='word_1_216' title='bbox 373 3761 505 3808; x_wconf 88' lang='lat' dir='ltr'>curnam</span> <span class='ocrx_word' id='word_1_217' title='bbox 537 3745 677 3809; x_wconf 88' lang='lat' dir='ltr'>Plautus</span> <span class='ocrx_word' id='word_1_218' title='bbox 713 3761 921 3810; x_wconf 89' lang='lat' dir='ltr'>numerorum</span> <span class='ocrx_word' id='word_1_219' title='bbox 958 3742 1157 3828; x_wconf 89' lang='lat' dir='ltr'>elegantiam</span> <span class='ocrx_word' id='word_1_220' title='bbox 1195 3747 1337 3826; x_wconf 88' lang='lat' dir='ltr'>spondeo</span> 
     </span>
     <span class='ocr_line' id='line_1_31' title="bbox 160 3850 1336 3918; baseline 0.003 -4"><span class='ocrx_word' id='word_1_221' title='bbox 160 3850 252 3916; x_wconf 89' lang='lat' dir='ltr'>laedi</span> <span class='ocrx_word' id='word_1_222' title='bbox 285 3868 350 3915; x_wconf 94' lang='lat' dir='ltr'>non</span> <span class='ocrx_word' id='word_1_223' title='bbox 382 3850 536 3916; x_wconf 89' lang='lat' dir='ltr'>senserit:</span> <span class='ocrx_word' id='word_1_224' title='bbox 574 3850 765 3916; x_wconf 83' lang='lat' dir='ltr'>adverbium</span> <span class='ocrx_word' id='word_1_225' title='bbox 802 3851 886 3916; x_wconf 92' lang='lat' dir='ltr'>enim</span> <span class='ocrx_word' id='word_1_226' title='bbox 921 3850 1025 3917; x_wconf 77' lang='lat' dir='ltr'>‘intro&#39;</span> <span class='ocrx_word' id='word_1_227' title='bbox 1062 3855 1129 3916; x_wconf 89' lang='lat' dir='ltr'>tam</span> <span class='ocrx_word' id='word_1_228' title='bbox 1162 3855 1234 3918; x_wconf 85' lang='lat' dir='ltr'>arte</span> <span class='ocrx_word' id='word_1_229' title='bbox 1267 3871 1336 3918; x_wconf 89' lang='lat' dir='ltr'>cum</span> 
     </span>
     <span class='ocr_line' id='line_1_32' title="bbox 161 3955 1336 4039; baseline 0.001 -16"><span class='ocrx_word' id='word_1_230' title='bbox 161 3955 280 4024; x_wconf 87' lang='lat' dir='ltr'>‘tetuli&#39;</span> <span class='ocrx_word' id='word_1_231' title='bbox 313 3959 501 4039; x_wconf 89' lang='lat' dir='ltr'>copulatur,</span> <span class='ocrx_word' id='word_1_232' title='bbox 537 3964 573 4022; x_wconf 89' lang='lat' dir='ltr'>ut</span> <span class='ocrx_word' id='word_1_233' title='bbox 610 3957 740 4038; x_wconf 88' lang='lat' dir='ltr'>proprio</span> <span class='ocrx_word' id='word_1_234' title='bbox 773 3957 910 4024; x_wconf 88' lang='lat' dir='ltr'>accentu</span> <span class='ocrx_word' id='word_1_235' title='bbox 943 3957 1071 4024; x_wconf 85' lang='lat' dir='ltr'>abiecto</span> <span class='ocrx_word' id='word_1_236' title='bbox 1107 3976 1178 4023; x_wconf 92' lang='lat' dir='ltr'>cum</span> <span class='ocrx_word' id='word_1_237' title='bbox 1209 3959 1271 4024; x_wconf 92' lang='lat' dir='ltr'>illo</span> <span class='ocrx_word' id='word_1_238' title='bbox 1303 3958 1336 4024; x_wconf 93' lang='lat' dir='ltr'>in</span> 
     </span>
     <span class='ocr_line' id='line_1_33' title="bbox 161 4062 1337 4148; baseline 0.001 -17"><span class='ocrx_word' id='word_1_239' title='bbox 161 4083 258 4131; x_wconf 87' lang='lat' dir='ltr'>unum</span> <span class='ocrx_word' id='word_1_240' title='bbox 283 4062 460 4144; x_wconf 83' lang='lat' dir='ltr'>coalescat3</span> <span class='ocrx_word' id='word_1_241' title='bbox 488 4062 644 4130; x_wconf 87' lang='lat' dir='ltr'>habemus</span> <span class='ocrx_word' id='word_1_242' title='bbox 671 4063 779 4148; x_wconf 85' lang='lat' dir='ltr'>igitur¹</span> <span class='ocrx_word' id='word_1_243' title='bbox 803 4067 938 4130; x_wconf 87' lang='lat' dir='ltr'>candem</span> <span class='ocrx_word' id='word_1_244' title='bbox 961 4069 1152 4130; x_wconf 85' lang='lat' dir='ltr'>accentuum</span> <span class='ocrx_word' id='word_1_245' title='bbox 1177 4065 1337 4132; x_wconf 85' lang='lat' dir='ltr'>rationem</span> 
     </span>
    </p>
   </div>
   <div class='ocr_carea' id='block_1_6' title="bbox 0 0 1512 4642">
    <p class='ocr_par' dir='ltr' id='par_1_11' title="bbox 0 0 1512 4642">
     <span class='ocr_line' id='line_1_34' title="bbox 0 0 1512 4642; baseline 0 2"><span class='ocrx_word' id='word_1_246' title='bbox 0 0 1512 4642; x_wconf 95' lang='lat' dir='ltr'> </span> 
     </span>
    </p>
   </div>
  </div>
 </body>
</html>
