3014 4642
639 246 860 310 ..19-

165 439 335 507 vocabulis
364 438 497 505 ultimos
524 441 605 505 duos
633 439 733 521 pedes
762 437 921 521 amplexis
949 438 1074 521 aliquid
1101 439 1341 525 1111111111νί-

164 547 245 613 tatis
278 566 318 614 ac
346 546 532 630 tarditatis,
563 547 669 627 iisque
698 545 846 613 effectum
875 565 961 630 esse,
992 552 1031 614 ut
1057 552 1175 629 poetae
1207 553 1340 630 praeter

164 652 430 721 consuetudinem
459 653 494 718 in
523 656 740 720 antecedente
770 673 885 723 versus
916 656 989 720 loco
1016 654 1082 720 sibi
1110 654 1341 736 permitterent

164 761 359 843 spondiaoas
389 779 502 828 voces:
537 763 611 827 sola
642 760 749 844 igit-ur
781 763 823 826 de
854 761 992 845 linguae
1025 760 1223 828 necessitate
1254 762 1340 828 hunc

163 885 255 934 usum
274 885 346 933 esse
363 867 660 949 interpretandum
680 886 775 948 quam
790 867 965 934 verborum
980 867 1212 933 necessitatem
1225 873 1340 949 poetas

163 993 201 1042 eo
220 975 327 1041 minus
347 973 500 1058 effugisse
518 973 711 1058 arbitratur,
730 993 792 1054 quo
812 974 942 1056 saepius
961 973 1132 1041 molossica
1152 974 1183 1060 (i.
1203 992 1228 1040 e.
1245 993 1339 1056 spon·

162 1083 225 1148 deo
249 1080 355 1164 finita)
379 1083 544 1147 vocabula
566 1080 789 1164 polysyllabis
812 1080 925 1149 verbis
948 1080 1201 1163 praemisissent.

255 1188 351 1253 Hanc
370 1187 558 1270 explicandi
579 1187 740 1254 rationem
758 1189 788 1254 si
807 1189 989 1270 probamus,
1013 1187 1124 1254 facere
1144 1207 1208 1254 non
1227 1206 1340 1270 possu-

161 1314 245 1384 mus,
276 1293 354 1376 quin
383 1313 589 1361 numerorum
621 1294 834 1379 elegantiam,
864 1313 960 1376 quam
990 1294 1022 1360 in
1053 1296 1173 1361 Plauto
1201 1295 1339 1361 laudaro

162 1402 377 1485 assuevimus,
406 1420 562 1468 summum
592 1401 627 1467 in
656 1401 833 1467 discrimen
859 1400 1022 1468 fateamur
1050 1419 1121 1468 esse
1150 1403 1338 1468 adductam:

163 1529 205 1576 ex
223 1508 319 1575 huius
339 1508 424 1574 enim
442 1507 567 1574 fabulis
585 1510 745 1590 pleraque
765 1510 918 1590 exempla
936 1507 1133 1592 collegimus.
1172 1509 1339 1576 Klotzium

162 1617 264 1701 igitur
282 1614 388 1682 secuti
406 1635 476 1681 curn
498 1635 540 1682 ex
558 1615 666 1699 longis
680 1615 791 1681 verbis
811 1615 945 1681 ultimos
965 1617 1045 1681 duos
1065 1617 1165 1696 pedes
1179 1616 1339 1697 amplexis

163 1723 308 1804 aliquam
327 1721 527 1806 gravitatem
546 1721 714 1804 procreari
734 1722 932 1806 confidimus,
951 1722 1193 1789 multitudinem
1206 1729 1339 1804 praesto

162 1831 318 1896 habemus
332 1848 492 1913 versuum,
512 1847 646 1910 quorum
667 1828 864 1895 facilitatem
880 1829 1186 1910 volubilitatemque
1203 1830 1339 1896 Plautus

161 1937 232 2020 ipse
255 1936 394 2005 vitiasse
417 1935 558 2020 videtur,
582 1935 734 2017 quoniam
757 1939 931 2027 praeterea
955 1935 1144 2018 spondiaois
1168 1936 1280 2004 verbis
1305 1936 1339 2002 in

162 2043 298 2110 tertium
327 2062 347 2108 1
374 2042 438 2108 fine
466 2043 581 2124 pedem
609 2042 751 2124 receptis
780 2042 943 2108 tardiores
972 2041 1059 2109 effici
1087 2043 1256 2126 rhythmos
1280 2062 1340 2124 per

162 2171 197 2217 se
221 2153 333 2218 elucet
360 2156 461 2231 atque
485 2155 624 2216 constat.
672 2148 828 2232 Quisquis
852 2168 930 2231 ergo
955 2151 1067 2215 eadem
1090 2149 1220 2216 ratione
1243 2149 1337 2216 illum

162 2263 333 2341 poetarum
365 2275 456 2323 11111
487 2255 645 2338 explicari
674 2258 750 2324 vult
779 2274 845 2337 qua
874 2255 1040 2338 Klotzius,
1072 2256 1229 2322 assentiri
1259 2276 1339 2323 sane

162 2365 262 2431 debet
284 2363 482 2446 Ritschelio,
509 2363 565 2445 qui
593 2362 634 2429 de
657 2362 719 2429 hac
742 2381 777 2428 re
800 2363 882 2429 haec
905 2362 1149 2445 praedicaverit
1172 2363 1281 2450 (proli.
1304 2364 1338 2429 in

162 2471 271 2539 ‘Tria'
290 2491 321 2554 p.
336 2471 494 2553 OOXIW:
512 2471 639 2552 ‘Itaque
654 2471 694 2536 de
712 2470 771 2537 illo
792 2488 921 2553 genere,
940 2473 1026 2552 quod
1044 2470 1225 2537 molossicis
1243 2490 1336 2538 voca·

162 2577 248 2645 bulis
277 2577 576 2661 comprehenditur,
604 2578 651 2643 sic
679 2579 888 2644 statuendum
916 2584 980 2661 est,
1007 2583 1045 2645 ut
1072 2597 1188 2661 reapse
1210 2578 1339 2659 aliquid

162 2684 353 2767 asperitatis
373 2686 459 2766 quod
479 2705 542 2752 non
561 2685 725 2768 suaderet,
743 2685 801 2750 sed
821 2684 1028 2751 dissuaderet
1042 2685 1167 2752 aurium
1182 2685 1338 2753 iudicium

162 2797 197 2857 et
224 2793 312 2859 ratio
340 2810 546 2858 numerorum
570 2791 750 2874 patientius
773 2810 867 2873 quam
892 2811 954 2873 par
977 2797 1050 2858 erat
1072 2795 1202 2859 eosdem
1225 2799 1338 2874 poetas

163 2899 282 2966 tulisse
309 2899 557 2983 intellegamus,
585 2918 719 2981 quorum
748 2898 782 2964 in
805 2898 943 2979 reliquis
966 2899 1116 2980 partibus
1138 2901 1337 2967 senariorum

162 3007 490 3088 septenariorumque
523 3006 765 3072 condendorum
796 3005 977 3087 perfectam
1007 3005 1204 3089 elegantiam
1235 3008 1338 3089 suspi-

164 3113 284 3179 cimus?
339 3113 426 3179 Huic
455 3119 564 3179 autem
594 3113 781 3179 sententiae
808 3112 837 3178 si
864 3112 1127 3196 astipularemur,
1157 3121 1246 3180 oerto
1273 3132 1338 3180 non

162 3219 281 3286 iustum
304 3218 486 3286 faceremus
509 3213 663 3286 iudicium
688 3221 729 3286 de
747 3220 863 3286 Plauti
882 3225 953 3285 arte
974 3220 1118 3287 metrica
1155 3220 1247 3303 Quae
1267 3240 1337 3288 cum

162 3327 211 3394 ita
241 3326 321 3410 sint,
352 3346 476 3394 omnem
507 3327 767 3409 praeindicatam
797 3325 978 3394 abiciamus
1006 3327 1187 3409 opinionem
1210 3328 1338 3410 ipsique

162 3433 340 3517 videamus,
367 3437 526 3516 quomodo
550 3440 719 3516 poetarum
743 3434 1011 3501 consuetudinem
1034 3454 1128 3515 quam
1152 3437 1258 3502 adhuc
1284 3437 1338 3502 ob·

163 3541 366 3609 servavimus
388 3541 472 3607 satis
496 3541 662 3623 explicare
684 3541 792 3609 liceat.

252 3650 302 3715 Ac
329 3649 465 3731 primum
494 3649 625 3731 quidem
649 3649 853 3716 concedimus
876 3648 1026 3715 nimirum
1050 3655 1185 3732 propter
1205 3650 1338 3734 liuguae

163 3762 312 3823 naturam
343 3760 474 3824 veteres
504 3757 723 3824 Romanorum
756 3762 870 3838 poetas
902 3756 1148 3840 angustioribus
1178 3757 1339 3824 cohibitos

163 3882 235 3930 esse
262 3863 381 3929 finibus
409 3883 504 3944 quam
529 3863 687 3945 Graecos3
716 3882 799 3944 quae
826 3863 1006 3929 necessitas
1034 3864 1190 3931 sermonis
1217 3863 1246 3930 si
1272 3884 1338 3931 uon

163 3969 335 4053 adfuisset,
355 3968 484 4036 omnino
504 3969 545 4035 ab
565 3968 776 4036 interioribus
792 3969 996 4051 dipodiarum
1010 3971 1147 4052 pedibus
1161 3973 1339 4053 spondeum

164 4084 199 4143 et
231 4080 446 4159 anapaestum
478 4078 669 4142 exclusuros
701 4095 755 4143 eos
785 4075 888 4143 fuisse
920 4084 1065 4159 apparet.
1115 4078 1180 4144 Sed
1210 4079 1238 4144 si
1267 4099 1336 4146 1111

1174 4184 1210 4236 21
