3014 4642
714 240 937 306 ..34-

329 435 376 502 Et
393 433 544 517 qnoniam
558 433 684 500 Klotzii
702 433 901 501 sententiam
914 433 1177 518 improbavimus,
1196 434 1293 502 aliam
1307 433 1418 518 ingre·

240 543 369 610 disum
395 542 485 607 viam
513 559 646 609 necesse
674 546 737 624 est,
765 559 830 622 qua
857 559 896 607 ea
924 540 1101 623 spondiaco
1128 541 1307 624 vocabula,
1335 559 1419 622 qnae

240 669 305 717 non
328 648 535 732 excipiuntur
557 650 657 732 longo
675 647 779 714 verbo
802 647 897 714 finem
916 666 1068 715 versuum
1092 653 1280 731 occupante,
1303 649 1418 732 rhyth-

241 757 301 824 mis
320 755 369 823 ita
388 774 460 823 esse
479 754 724 822 accommodata
743 754 955 838 exploremus,
975 762 1011 820 ut
1027 773 1124 822 aures
1138 774 1202 822 non
1216 755 1281 822 iam
1294 754 1419 823 feriam

239 871 296 931 tur
319 882 428 930 eorum
451 861 642 945 asperitate.
679 862 728 929 Ao
751 862 888 944 primum
913 861 1041 943 quidem
1066 864 1153 942 quod
1175 881 1275 945 snpra
1298 862 1418 929 statui-

240 990 312 1038 mus
352 969 454 1038 velim
489 971 695 1038 recordemur
731 974 846 1052 poetas
879 988 950 1036 cum
986 970 1191 1052 recipiebant
1224 969 1419 1053 spondiacus

243 1097 338 1146 voces
361 1077 396 1144 iu
418 1077 520 1145 tertio
543 1096 565 1145 a
587 1076 651 1145 line
673 1079 757 1159 pede
775 1078 860 1144 hano
880 1080 986 1161 legem
1007 1082 1197 1144 constanter
1215 1079 1419 1160 observasse,

240 1189 279 1251 ut
301 1187 399 1270 longe
423 1185 588 1267 plerisque
612 1185 693 1252 locis
716 1184 848 1251 ultimos
872 1186 952 1251 duos
975 1185 1078 1266 pedes
1101 1204 1165 1251 uno
1184 1186 1284 1253 verbo
1308 1187 1419 1267 exple·

240 1295 328 1374 rent;
349 1310 489 1373 namque
511 1291 577 1358 illis
601 1293 665 1358 196
689 1291 863 1358 contrariis
886 1292 1047 1375 complexi
1070 1310 1179 1359 sumus
1202 1311 1312 1359 omnes
1336 1310 1418 1374 qnos

242 1400 297 1468 vel
320 1399 416 1466 libris
439 1397 577 1483 pessime
600 1397 731 1465 habitos
750 1401 804 1466 uel
827 1398 956 1466 omnino
975 1399 1102 1482 spurios
1120 1418 1192 1466 esse
1211 1399 1300 1467 inira
1316 1398 1419 1467 facile

242 1505 542 1574 demonstrabimus.
588 1504 712 1589 Quodsi
739 1510 931 1573 accentuum
959 1507 1205 1589 concordantia,
1233 1525 1317 1589 quae
1344 1526 1417 1574 ver-

244 1617 337 1680 satur
366 1614 402 1679 in
429 1612 589 1679 vocabulo
617 1617 774 1694 quattuor
803 1614 1030 1696 autquinque
1058 1610 1259 1698 syllabarum
1287 1632 1417 1683 versum

241 1719 450 1803 terminante,
477 1720 691 1801 spondeorum
720 1719 933 1788 offensionem
957 1721 1057 1787 leniri
1080 1719 1312 1804 intelleximus,
1340 1719 1419 1787 alie·

242 1844 317 1892 num
340 1844 405 1893 non
428 1830 480 1892 est
502 1826 631 1908 reliqua
654 1833 810 1895 excutere
834 1830 985 1910 exempla
1008 1846 1092 1908 quae
1111 1828 1243 1894 obstare
1262 1828 1420 1895 videntur

242 1933 384 2018 regulae,
403 1932 433 1999 si
451 1952 536 2015 quae
554 1934 597 1999 ad
616 1933 751 2001 illorum
770 1932 1018 2001 similitudinem
1036 1933 1237 2002 conformata
1250 1935 1417 2017 reperian-

242 2045 305 2108 tur.
341 2040 459 2122 Itaque
483 2039 733 2108 examinandum
757 2041 831 2126 erit,
854 2059 1012 2122 quaenam
1036 2059 1077 2107 ex
1098 2041 1167 2107 illis
1190 2041 1302 2109 verbis
1325 2060 1419 2123 spon-

243 2148 336 2215 deum
360 2146 608 2229 insequentibus
630 2153 696 2214 tam
719 2152 793 2214 arte
816 2147 905 2215 inter
927 2167 962 2215 se
986 2148 1137 2230 copulata
1160 2147 1236 2231 sint,
1263 2153 1302 2213 ut
1323 2148 1419 2215 unius

243 2254 397 2322 vocabuli
424 2260 575 2322 naturam
601 2257 701 2337 plane
730 2261 871 2338 aequent
899 2256 1036 2336 ideoque
1061 2254 1238 2321 exhibeant
1260 2273 1419 2338 gramma-

243 2359 343 2426 ticum
366 2379 405 2427 ac
428 2361 597 2429 metricum
620 2363 706 2430 ictus
731 2362 941 2430 consociatos.

723 2557 936 2568 -υ--ι-ι--ι-ι-

332 2696 371 2764 Α.
399 2696 454 2762 De
478 2696 612 2764 verbis
635 2699 719 2762 arte
743 2696 850 2764 inter
872 2715 912 2762 se
936 2697 1162 2782 coniunctis,
1186 2716 1283 2779 qnae
1307 2717 1419 2780 spon·

404 2802 542 2870 diacae
565 2802 653 2871 voci
675 2804 897 2870 succedunt.

619 2984 646 3048 1.
670 2982 726 3049 De
750 2981 863 3048 elisis
886 2982 1045 3050 voculis.

333 3106 401 3173 Iam
429 3105 532 3190 igitur
558 3104 696 3187 primum
719 3104 955 3172 constituamus
978 3111 1048 3173 tres
1070 3125 1198 3191 versura,
1227 3107 1283 3189 qui
1306 3108 1417 3174 eodem

166 3235 168 3237 “
245 3211 315 3280 iere
343 3211 434 3280 modo
461 3212 496 3278 iu
522 3211 623 3294 longa
645 3212 749 3279 verba
771 3212 925 3279 desinunt
947 3218 1048 3294 atque
1072 3232 1151 3295 quos
1175 3233 1273 3296 supra
1295 3220 1419 3281 tracta-

245 3319 362 3389 vimus:

344 3426 436 3492 Onrc.
460 3426 525 3492 599
553 3477 759 3494 ..........
783 3427 972 3495 Parasitum
993 3447 1034 3495 ne
1058 3427 1206 3495 amiseris

343 3532 418 3600 Aul
441 3534 505 3599 594
532 3584 672 3599 .......
696 3553 758 3614 quo
786 3535 954 3602 inomnbat
981 3554 1018 3604 eo
1040 3535 1207 3617 impellere

344 3638 434 3705 'Prin
456 3640 521 3705 898
545 3689 708 3707 ........
732 3660 790 3708 sno
808 3645 911 3725 gnato
931 3642 1010 3709 dare
1030 3642 1205 3725 epistulam

334 3745 495 3827 Equidem
511 3746 565 3811 hic
579 3765 705 3828 quoque
721 3750 937 3830 spondeorum
951 3746 1163 3815 offensionem
1176 3754 1312 3831 propter
1325 3768 1419 3818 voca·

247 3853 394 3921 bulorum
417 3851 593 3920 mollitiam
616 3854 912 3938 polysyllaborum,
939 3874 1023 3936 qnae
1045 3855 1138 3921 finem
1162 3862 1325 3937 occupant
1347 3875 1420 3926 ver-

247 3954 347 4044 suum,
369 3958 466 4042 plane
490 3957 595 4025 dilabi
618 3958 776 4027 existimo.
817 3960 930 4042 Neque
954 3961 1038 4027 enim
1060 3963 1274 4029 retardantur
1295 3964 1421 4032 numeri

248 4066 336 4134 elisis
350 4065 477 4136 voculis
496 4065 704 4149 antepositis,
723 4085 807 4147 quae
825 4068 957 4150 proprio
976 4074 1115 4134 accentu
1129 4088 1261 4151 prorsus
1276 4077 1420 4138 careant.
