3014 4642
641 236 863 304 -51-

166 437 194 501 1.
223 434 278 500 Dc
305 433 669 517 praepositionibus
694 453 774 500 cum
796 433 1090 516 pronominibus
1113 432 1342 500 coniunctis.

255 577 350 643 Hanc
372 596 440 643 rem
465 582 497 642 et
522 577 748 660 Brugmanuus
772 575 808 662 (1.
831 596 855 641 s.
879 596 909 657 p.
933 576 989 661 22)
1018 586 1052 641 et
1078 576 1231 642 Klotzius
1259 575 1293 661 (1.
1317 595 1341 642 s.

163 704 196 766 p.
218 682 297 768 324)
324 684 519 766 tetigerunt.
564 683 712 765 Itemque
740 684 783 748 ad
809 681 893 748 hano
917 701 1046 749 causam
1069 681 1238 765 pertinent
1259 702 1343 765 quae

163 790 313 874 Lindsay
335 789 476 873 protulit
499 792 541 856 de
564 789 627 855 tali
650 791 823 857 verborum
846 789 1056 871 copulatione
1080 788 1114 875 (1.
1137 810 1162 854 s.
1180 809 1210 871 p.
1231 792 1294 856 192
1302 788 1342 874 8):

166 896 249 979 „Bei
271 897 411 964 Plautus
434 899 500 963 und
520 896 646 962 Terenz
669 895 750 962 fallt
771 896 806 961 in
824 896 1041 962 Ausdriicken
1065 896 1127 962 wie
1150 895 1194 962 ‘in
1217 917 1277 980 me,
1299 899 1342 963 ad

162 1022 223 1086 me,
246 1004 336 1070 inter
358 1005 403 1070 se’
427 1005 487 1069 der
508 1003 599 1070 Ictus
622 1002 657 1068 in
679 1005 738 1069 der
755 1003 861 1087 Regel
884 1002 943 1069 auf
963 1003 1016 1070 die
1034 1002 1243 1085 Proposition
1246 1055 1342 1085 .....

163 1111 278 1177 ausser
308 1129 403 1179 wenn
434 1113 493 1177 das
520 1110 704 1177 Pronomen
733 1111 849 1176 betont
878 1109 970 1196 (oder
998 1109 1144 1195 elidiert)
1172 1110 1245 1176 ist.“
1302 1110 1342 1176 In

162 1219 265 1284 tertio
289 1238 310 1284 a
332 1217 396 1284 fine
419 1218 502 1300 pede
525 1218 634 1300 posita
657 1216 872 1283 inveniuntur
893 1218 975 1283 haec
999 1216 1160 1299 exempla:

379 1362 407 1409 a.
430 1342 517 1425 apud
539 1342 708 1408 Plautum:

262 1468 378 1550 Amph.
402 1470 467 1534 943
483 1518 645 1534 ........
660 1472 737 1533 sunt
758 1466 846 1532 inter
869 1486 904 1532 se
923 1486 1018 1547 quam
1038 1465 1128 1549 prius

263 1575 359 1642 Most.
383 1577 449 1640 304
465 1626 606 1640 .......
625 1573 759 1656 expensi
782 1573 951 1639 internos
975 1572 1129 1641 convenit

263 1682 361 1749 Poen.
386 1683 449 1748 775
465 1733 672 1748 ..........
686 1686 785 1762 atque
808 1681 895 1746 inter
917 1700 953 1746 se
977 1680 1129 1749 dividant

264 1790 361 1857 Poen.
386 1792 472 1855 1143
497 1841 657 1856 ........
677 1794 754 1854 sunt
775 1788 864 1854 inter
886 1788 942 1854 se?
975 1788 1028 1853 dic
1049 1787 1128 1853 nrihi

378 1917 408 1981 b.
432 1914 519 1996 apud
542 1913 744 1980 Terentium:

263 2040 380 2106 Haut-t.
403 2040 467 2104 472
496 2089 634 2105 .......
653 2057 753 2122 agere
777 2036 864 2105 inter
886 2056 922 2104 se
945 2038 1128 2103 clanculum

263 2147 347 2213 Eun.
371 2148 435 2212 872
451 2197 591 2212 .......
606 2151 773 2212 aeternam
796 2144 885 2210 inter
906 2163 966 2211 nos
985 2144 1127 2227 gratiam

264 2255 394 2321 Phorm.
417 2255 481 2319 927
503 2303 687 2318 .........
708 2271 758 2318 me
781 2256 916 2334 propter
939 2270 998 2319 vos
1021 2249 1128 2333 decipi

264 2363 325 2428 Ad.
351 2362 412 2425 271
442 2412 671 2426 ...........
691 2378 750 2424 nos
773 2358 951 2442 internos,
975 2357 1127 2440 Ctesipho

264 2468 326 2535 Ad.
350 2470 415 2534 392
431 2518 617 2533 .........
640 2465 779 2532 Nimium
801 2465 980 2548 intervos,
1004 2465 1128 2532 Demea

380 2612 407 2658 c.
431 2594 516 2672 aqud
540 2597 666 2658 eeteros
689 2596 815 2673 poetas:

264 2717 432 2799 Turpilius
444 2719 507 2782 194
522 2717 627 2783 Simul
640 2716 902 2797 circumspectat:
916 2715 974 2781 ubi
986 2722 1119 2797 praeter
1132 2735 1167 2781 se
1180 2715 1340 2782 neminem

263 2824 421 2891 Δ4111111113
436 2827 500 2891 399
519 2824 564 2889 Hi
588 2824 756 2890 coniecere
779 2824 882 2888 verba
904 2824 993 2888 inter
1016 2841 1088 2889 sese
1111 2822 1217 2888 acrius

264 2932 419 2998 Afranius
434 2934 498 2997 354
517 2931 626 3015 Igitur
641 2930 780 3013 quiesce,
799 2936 833 2996 et
851 2930 1005 3010 quoniam
1021 2929 1110 2995 inter
1128 2948 1187 2996 nos
1204 2931 1340 3013 nuptiae

164 3169 194 3231 2.
219 3163 441 3246 Sequuntur
466 3162 545 3230 alia
567 3163 765 3229 vocabula
788 3180 868 3226 cum
894 3159 1095 3226 encliticis
1119 3161 1338 3228 coniuncta.

264 3307 378 3388 Amph.
402 3307 466 3373 685
492 3357 498 3368 .
513 3355 652 3371 .......
676 3303 770 3386 quasi
792 3304 893 3369 multo
912 3308 985 3385 post
1003 3301 1126 3370 videris

263 3413 385 3480 Bacch.
395 3414 459 3477 672
476 3463 481 3475 .
498 3467 503 3477 .
520 3463 525 3474 .
542 3463 547 3474 .
562 3410 657 3477 nimis
672 3413 774 3477 multo
788 3409 893 3476 minus
904 3429 999 3491 quam
1013 3429 1126 3492 parum

264 3521 405 3587 1111364
429 3569 678 3585 ............
703 3517 836 3583 Omnem
859 3534 926 3582 rem
945 3519 1038 3582 modo
1057 3516 1127 3583 seni

264 3627 354 3693 Asin.
378 3628 442 3692 421
468 3625 552 3708 Quoi
574 3643 745 3706 numquam
770 3642 865 3690 unam
888 3642 957 3688 rem
980 3642 1030 3688 me
1055 3623 1135 3690 licet

264 3735 344 3802 Hec.
369 3736 432 3800 738
467 3733 539 3817 Quo
562 3732 666 3817 magis
689 3731 791 3799 omnis
814 3751 866 3797 res
890 3730 1018 3797 cautius

162 3862 247 3928 Eius
276 3859 407 3944 generis
437 3861 525 3925 locos
556 3858 765 3924 exsecando
793 3855 994 3923 senariorum
1021 3857 1105 3937 pede
1133 3857 1339 3940 depromptos

164 3949 343 4052 congerere
371 3966 570 4047 omittamus,
598 3983 670 4030 cum
695 3966 736 4029 de
758 3964 820 4029 hac
844 3963 981 4050 licentia
1004 3962 1110 4044 poetis
1134 3966 1340 4031 concedenda

163 4075 230 4144 riri
255 4075 343 4140 docti
367 4073 454 4139 inter
477 4092 512 4138 se
535 4090 600 4137 non
625 4070 815 4137 dissideant.

1178 4177 1214 4228 4*
