3014 4642
646 249 869 316 ,69-

266 443 341 512 Α61.
367 446 430 512 162
453 445 535 512 Post
557 444 697 513 mediam
721 449 863 512 aetatem
889 445 944 528 qui
967 445 1075 514 media
1097 445 1189 515 ducit
1211 466 1342 514 uxorem

1216 555 1342 621 domum

166 677 245 725 non:
269 658 386 726 ‘modia
408 677 540 726 uxorem
563 659 656 726 duait
679 660 816 726 domum*

265 766 350 832 Men.
374 768 440 833 635
460 817 601 834 .......
615 768 716 833 redeo
740 786 826 833 nunc
849 769 977 835 demum
1000 768 1127 835 domum

166 892 247 940 non:
276 874 369 940 nunc
393 875 518 940 demum
541 875 641 940 redeo
665 874 810 940 domum’.
847 873 995 957 Quanam
1018 895 1115 957 porro
1139 875 1269 942 medela
1291 877 1342 942 usi

168 981 204 1047 in
234 979 445 1046 Cistellariae
476 999 575 1048 versu
612 982 677 1046 616
709 985 814 1046 metro
847 999 1074 1048 succurramus
1110 1001 1175 1048 non
1207 1001 1341 1064 prorsus

166 1088 283 1169 liquet.
332 1087 446 1169 Neque
478 1087 563 1154 enim
595 1087 824 1172 Brugmannus
856 1107 916 1154 nos
947 1088 1085 1155 habebit
1116 1089 1342 1173 assentientes,

167 1195 224 1277 qui
262 1194 312 1260 ita
343 1193 444 1261 scribi
473 1193 696 1276 voluit(1.s.
731 1215 760 1277 p.
789 1195 858 1280 50):
891 1194 991 1277 ‘priuis
1023 1195 1215 1278 compressit
1246 1215 1343 1278 quam

168 1320 303 1369 uxorem
324 1302 411 1367 hanc
435 1301 529 1368 duxit
552 1303 698 1384 domum',
727 1321 823 1383 quam
845 1303 1057 1369 mutationem
1080 1302 1342 1386 improbabimus,

167 1427 239 1475 cum
263 1409 370 1490 ‘prius’
394 1412 497 1476 totum
520 1409 637 1490 pedem
659 1411 796 1490 explere
815 1428 974 1491 nusquam
990 1412 1199 1477 observemus
1221 1409 1285 1476 nisi
1307 1409 1341 1476 in

166 1532 320 1583 versuum
338 1515 430 1582 exitu
450 1517 506 1583 661
525 1515 560 1581 16
579 1514 720 1581 diaercsi
738 1513 949 1582 iambieorum
968 1516 1227 1597 septenariorum
1244 1535 1341 1599 asyn-

166 1621 392 1707 artetorum¹);
415 1640 498 1689 unus
521 1625 743 1689 tantummodo
768 1622 953 1690 contrarius
975 1623 1067 1690 locus
1089 1623 1260 1691 invonitur

265 1731 365 1796 Poen.
380 1730 421 1795 67
447 1729 609 1796 Sexennio
633 1730 878 1812 priusquidcm
903 1749 998 1811 quam
1021 1730 1157 1797 moritur
1179 1736 1276 1812 pater

167 1835 224 1918 qui
251 1854 366 1904 versus
393 1836 464 1902 iure
490 1836 621 1919 ineptus
649 1837 785 1906 videtur
812 1837 914 1904 Leoni
940 1836 1080 1918 ideoque
1110 1838 1341 1920 interpolatori

165 1942 359 2010 tribuendus
379 1942 645 2030 (necasset).
673 1944 875 2029 Bragmanni
893 1943 998 2027 igitur
1018 1944 1231 2027 transpositio
1251 1950 1341 2012 stare

166 2049 281 2132 nequit
307 2049 373 2117 nisi
396 2051 542 2119 voculam
565 2051 750 2135 inserimus,
780 2071 845 2133 qua
872 2057 1050 2134 reponatur
1076 2051 1185 2133 ‘prius’
1212 2051 1341 2136 pyrrhi·

165 2156 321 2224 chiaeum.
358 2157 470 2238 Neque
494 2157 636 2224 alienum
658 2157 799 2225 fortasse
822 2163 874 2225 est
896 2177 1073 2241 pronomen
1096 2158 1166 2224 ‘hio'
1185 2157 1241 2245 (=
1257 2159 1340 2244 hier)

165 2267 320 2348 supplere
344 2284 384 2332 ex
408 2264 616 2332 Cistellariae
638 2265 790 2331 versibus
815 2267 876 2331 177
903 2267 980 2331 178:

264 2372 339 2438 Huc
362 2371 596 2454 commigravit.
621 2372 714 2438 duxit
737 2391 868 2438 uxorem
891 2371 945 2438 hio
968 2372 1034 2438 sibi
1067 2456 1071 2463 Ι

263 2478 411 2544 Eandem
435 2497 530 2560 quam
554 2479 633 2545 olim
656 2479 818 2562 virginem
841 2477 895 2544 hie
919 2486 1159 2561 compresserat

165 2585 284 2668 Itaque
306 2584 476 2668 scripseris
500 2585 628 2652 Cistell.
652 2588 730 2652 olo:

262 2692 360 2760 Prius
374 2693 460 2759 hanc
473 2692 672 2777 compressit,
692 2713 787 2774 quam
807 2713 940 2760 uxorem
959 2695 1012 2759 hic
1026 2693 1120 2761 duxit
1141 2696 1277 2760 domum.
1296 2731 1340 2742 --

164 2799 293 2866 Deinde
315 2819 357 2867 ex
383 2799 525 2866 numeris
548 2799 688 2882 pessime
711 2801 889 2866 modulatis
917 2801 1036 2866 iustam
1064 2801 1181 2881 opinor
1203 2799 1340 2882 suspici·

164 2924 258 2972 onem
281 2906 478 2989 concipimus
502 2908 542 2973 de
565 2907 628 2974 hoc
650 2925 762 2974 versu:

209 3015 239 3080 9.
262 3012 364 3080 Stich.
389 3016 453 3080 616
486 3015 557 3080 Tua
578 3016 636 3096 pol
659 3014 770 3081 refert.
792 3010 804 3102 Η
830 3013 926 3080 Enim
950 3013 1111 3094 siquidem
1134 3032 1205 3079 msa
1228 3011 1340 3095 refert,

1040 3139 1140 3202 opera
1164 3126 1259 3187 utere
1282 3119 1339 3206 (P)

252 3227 293 3293 In
315 3227 346 3292 A
369 3230 526 3311 leguntur
549 3229 629 3294 haec
657 3228 753 3314 (quae
781 3229 930 3296 incertae
953 3233 1031 3294 suut
1054 3226 1194 3296 cursivis
1216 3226 1339 3294 litteris
1414 3271 1428 3298 .

163 3332 376 3420 significavi):

265 3440 475 3523 tospolreiert
492 3439 504 3530 11
520 3441 1007 3525 enimverosiquc'demmearefer
1015 3492 1115 3509 .......
1124 3448 1186 3508 tere

163 3547 390 3615 Palatinorum
404 3548 581 3616 lectionem
595 3549 630 3615 in
639 3555 766 3615 textum
780 3555 977 3631 receperunt
985 3550 1064 3633 Leo,
1079 3549 1338 3617 (doctu-Schoell.

162 3655 229 3722 Sed
242 3653 367 3736 duplici
381 3656 423 3722 de
437 3675 536 3723 66666
554 3656 716 3740 rhythmis
735 3656 939 3722 offendimur:
959 3655 1118 3737 displicet
1137 3656 1221 3722 enim
1239 3656 1338 3724 valde

162 3767 197 3827 et
216 3763 298 3828 ‘maa
320 3761 432 3829 refert’
449 3762 484 3828 in
508 3763 789 3845 antepacnultimo
812 3747 896 3845 pade
919 3769 953 3830 ct
972 3763 1150 3844 ‘siqnidem'
1173 3763 1208 3829 in
1231 3762 1339 3829 media

252 4012 273 4081 ¹)
291 4010 425 4080 Inspicias
442 4011 525 4065 velim
543 4027 638 4065 omnes
655 4010 740 4078 locos,
760 4028 829 4080 quos
849 4010 974 4066 enotavit
988 4009 1099 4065 Naudat
1116 4009 1146 4064 in
1165 4010 1207 4064 ed.
1226 4009 1267 4063 Pl.
1280 4008 1336 4063 fab.

161 4099 207 4155 IV.
221 4099 276 4156 vol.
295 4118 343 4173 pp.
359 4100 420 4156 447.
435 4099 496 4157 448.
516 4100 567 4155 sub
586 4115 653 4156 voce
672 4099 776 4169 ‘prius'.
