3014 4642
640 231 863 296 ..75-

162 422 218 488 Ab
240 420 292 489 his
315 427 422 491 antem
447 425 641 492 deducenda
663 432 760 494 erunt

255 533 282 599 1.
306 549 390 614 qnae
412 530 589 600 offensione
612 553 743 616 prorsus
766 541 893 603 carent:

260 640 338 707 Aul.
361 641 426 707 336
465 637 572 710 rivinn
595 641 638 728 (p.
662 644 703 708 66
713 641 774 727 sq.)

262 748 352 814 Pers.
376 748 442 815 408
465 746 557 815 inlex
580 748 685 834 (verb.
708 769 846 832 compos.
869 771 899 833 p.
923 751 978 836 43)

260 853 340 922 Hac.
364 856 429 923 289
463 861 575 923 essent
596 855 643 944 (in
665 857 769 924 troch.
793 862 913 924 tetram
935 862 1056 925 acatal.
1080 879 1109 942 p.
1134 861 1193 945 63)

375 980 499 1030 summa
520 965 541 1031 3
564 966 716 1048 exempla

253 1068 282 1136 2.
305 1086 391 1151 quae
419 1070 548 1137 incerta
575 1076 610 1137 et
640 1072 740 1152 plane
771 1078 928 1154 corrupta
953 1072 1109 1141 videntur
1135 1093 1340 1142 numeramus

323 1178 367 1242 24
389 1176 538 1259 exempla
559 1175 624 1264 (pp.
647 1177 803 1264 67-74).

253 1284 282 1351 3.
306 1302 389 1366 quac
412 1282 557 1366 aliquam
579 1290 714 1353 movent
736 1284 965 1368 suspicionem:

261 1390 354 1473 Oapt.
378 1391 441 1457 527
465 1390 552 1458 intro
576 1391 669 1460 venit
691 1392 784 1458 modo
808 1392 852 1478 (p.
877 1395 919 1460 56
929 1394 990 1480 sq.)

261 1497 346 1564 Men.
369 1499 435 1563 420
464 1496 529 1564 iam
551 1499 680 1582 dudum,
702 1499 830 1584 mulier,
852 1500 917 1567 tibi
941 1500 985 1586 (p.
1009 1502 1066 1588 64)

260 1604 338 1673 ibid.
362 1607 428 1673 930
464 1610 637 1689 argentum
660 1605 735 1689 quoi
759 1608 862 1675 debeo
887 1608 954 1694 (pp.
978 1610 1030 1678 52.
1055 1611 1105 1676 54.
1116 1610 1177 1696 sq.)

260 1713 358 1781 Marc
384 1715 426 1780 10
464 1713 631 1780 Mercator
653 1712 761 1780 Macci
784 1713 854 1780 Titi
877 1714 921 1800 (p.
945 1716 987 1782 65
998 1720 1057 1800 sq.)

260 1821 360 1888 Poen.
384 1821 449 1888 280
468 1871 564 1888 .....
583 1819 645 1886 nisi
669 1826 815 1905 sumptus
838 1822 996 1906 sequitur,
1019 1822 1087 1890 scio
1197 1879 1238 1944 61

260 1925 338 1995 ibid.
362 1928 426 1994 287
447 1927 541 1994 ...si
564 1945 635 1994 eum
659 1933 807 2010 sumptus
829 1933 972 2013 superat,
994 1948 1087 1997 soror
1133 1876 1178 1962 (p'
1250 1878 1310 1964 ὅς’)

261 2033 340 2102 ibin
365 2037 430 2102 480
450 2085 613 2103 ........
633 2035 792 2117 periuras.
837 2036 924 2120 Quid
946 2038 1084 2120 postea?
1130 2038 1173 2123 (p.
1193 2041 1236 2104 40
1256 2039 1315 2124 sq.)

164 2226 169 2233 .
260 2143 344 2210 Rud.
369 2144 455 2210 1428
478 2142 565 2209 Fiat.
610 2143 767 2209 Plausum
791 2144 1123 2230 intemptata.)

376 2269 499 2317 summo
522 2252 542 2317 8
566 2250 723 2332 exempla.

252 2361 282 2423 4.
305 2377 390 2440 quae
426 2362 561 2440 propter
597 2362 754 2424 accentus
790 2357 1036 2425 inclinationem
1073 2357 1154 2426 satis
1191 2359 1340 2426 excusari

161 2464 251 2532 iuter
268 2463 359 2533 viros
381 2465 493 2531 doctos
511 2464 575 2531 iam
598 2464 717 2531 dudum
736 2470 874 2548 constat,
897 2464 983 2532 sicut
1004 2465 1101 2533 ‘inter
1118 2467 1186 2533 nos’
1209 2465 1340 2550 similia,

161 2571 273 2639 ‘multo
297 2572 669 2655 posc’‚‘mu1t0mrnus²,
693 2570 815 2638 similia
839 2574 880 2655 (p.
904 2574 959 2656 51)

377 2697 500 2746 summa
525 2681 564 2744 17
590 2680 748 2761 exempla.

252 2787 422 2854 Restant
449 2785 574 2871 igitur
603 2788 645 2852 53
679 2786 863 2868 exempla.
917 2786 1056 2869 Itaque
1084 2788 1337 2869 spondeornm

162 2892 341 2978 legitime
364 2897 404 2960 et
431 2898 545 2960 extra
572 2893 744 2978 regulam
773 2891 1096 2959 conformatorum
1120 2894 1219 2960 hanc
1241 2894 1340 2960 rati·

163 3020 270 3069 onem
294 3000 506 3068 efficimus:

380 3109 643 3176 loo:53=3:1

163 3218 274 3299 Atque
298 3235 339 3282 ex
361 3215 413 3282 his
437 3216 478 3282 53
503 3234 600 3282 unam
623 3219 748 3296 partem
772 3233 906 3297 eamque
930 3215 1083 3282 maiorem
1102 3213 1339 3297 explicavimus

164 3344 206 3391 ex
228 3329 303 3390 arta
320 3322 509 3390 ultimorum
527 3324 699 3391 verborum
720 3322 936 3405 copulatione,
959 3325 1100 3389 alteram
1118 3341 1162 3388 ex
1182 3328 1339 3388 accentus

164 3429 292 3513 enclisi;
321 3430 477 3514 perpauci
507 3436 615 3496 autern
646 3430 880 3510 relinquuntur
909 3429 988 3512 loci,
1017 3432 1058 3496 de
1081 3447 1215 3511 quorum
1237 3427 1339 3495 inter·

163 3537 352 3621 pretatione
374 3536 497 3622 ambigi
520 3537 610 3603 licet.

645 3823 859 3835 ι-ι--ιι--ι--ιν
