3014 4642
641 202 864 266 ..25-

262 395 339 462 ibid.
356 397 419 461 252
536 396 635 462 Haud
657 395 706 462 ita
730 397 835 478 decet,
858 396 887 462 si
911 402 1102 479 perpetuam
1125 396 1176 463 vis

261 502 339 570 ibid.
355 504 419 570 775
538 502 691 585 Oportet:
715 504 802 585 quod
824 502 853 569 si
872 502 1017 587 perdicio,
1039 523 1103 569 non
1126 509 1294 586 paenitet.
1311 556 1341 571 ..

324 609 395 694 Quo
427 610 461 676 in
493 630 591 679 versu
628 629 699 677 oum
732 610 909 677 excusandi
945 610 1031 677 ratio
1068 629 1132 678 non
1170 616 1341 695 appareat,

164 718 401 784 Fleckeisenns
425 717 525 784 scribi
547 716 657 785 voluit
679 717 717 784 ‘si
740 715 896 784 effecero’.

164 825 316 907 Denique
344 832 413 891 tres
441 830 616 891 occurrunt
642 824 719 908 loci,
748 825 804 906 qui
828 825 1023 893 vocabulum
1046 827 1189 906 spondeo
1212 825 1340 893 finitum

57 966 60 970 ·
164 931 341 999 exhibeant
362 932 396 998 in
420 938 514 999 sexto
537 932 746 999 iambicorum
769 920 1028 1014 septenariorum
1050 934 1146 1015 pede:

261 1039 354 1106 Asin.
375 1041 440 1105 416
562 1039 808 1122 contempsisti?
834 1037 846 1127 11
872 1039 971 1122 Perii,
994 1040 1124 1122 hospes!

263 1146 334 1213 Cas.
359 1149 424 1213 825
453 1198 664 1214 ..........
688 1146 745 1214 nbi
768 1147 938 1214 tantillum
960 1148 1126 1230 peccassit

261 1255 345 1322 aaa
365 1257 450 1321 1336
469 1305 630 1322 ........
656 1261 690 1322 16
713 1255 755 1320 mi
779 1261 951 1340 argentum
974 1257 1124 1322 daturum

645 1436 857 1444 *mm

252 1557 318 1625 Sed
340 1564 378 1625 ut
399 1564 608 1625 revertamur
630 1559 672 1625 ad
689 1558 876 1625 institutam
896 1557 1159 1642 disputationem,
1183 1565 1340 1640 quaeest

164 1668 205 1733 de
228 1664 414 1748 spondiacis
436 1665 470 1731 in
491 1666 591 1732 tertio
612 1686 631 1731 a
649 1665 714 1732 fine
733 1667 818 1749 pede
836 1664 1017 1750 vocabulis,
1039 1666 1103 1732 iam
1123 1685 1209 1733 nunc
1227 1684 1338 1733 omnes

163 1776 254 1841 locos
277 1791 455 1858 congerere
478 1792 558 1856 opus
581 1777 640 1856 est,
664 1773 721 1839 nbi
739 1773 937 1856 spondiacae
956 1773 1031 1841 voci
1051 1773 1216 1858 complura
1233 1774 1338 1841 verba

163 1882 336 1948 succedere
357 1881 510 1948 videmus.
549 1879 620 1964 Quo
644 1880 677 1947 in
696 1898 848 1949 versuum
870 1886 1047 1963 conspectu
1070 1899 1111 1946 ne
1134 1880 1188 1946 illi
1207 1880 1338 1962 quidem

163 1988 327 2055 eximendi
351 1994 455 2071 erunt,
478 2005 559 2069 quos
578 1988 633 2056 vel
650 1987 777 2069 spurios
798 2006 870 2054 esse
888 1989 945 2055 vol
963 1990 1063 2070 plane
1082 1993 1252 2070 corruptos
1271 1988 1338 2055 viri

163 2095 253 2162 docti
276 2096 397 2162 dudum
420 2093 578 2176 suspicati
601 2100 686 2161 sunt
732 2095 826 2161 Haec
847 2093 951 2179 igitur
973 2096 1106 2178 repperi
1130 2097 1292 2178 exempla:

265 2212 303 2278 Α.
322 2211 356 2278 in
379 2217 497 2294 quarto
521 2209 644 2277 senarii
667 2210 803 2278 iambici
824 2211 896 2278 loeo

322 2329 348 2396 Ι.
372 2327 620 2410 spondiacarnm
644 2326 759 2395 vocum

375 2455 403 2502 a.
425 2436 511 2517 apud
534 2435 705 2501 Plautum:

186 2546 214 2610 1.
237 2543 353 2624 Amph.
375 2544 440 2608 943
464 2592 627 2609 ........
651 2549 728 2608 sunt
749 2541 838 2608 inter
861 2562 896 2608 se
915 2561 1010 2624 quam
1033 2543 1124 2624 prius

186 2653 214 2717 2.
238 2649 329 2717 Asin.
354 2652 418 2716 866
443 2698 692 2717 ............
716 2647 800 2715 male
824 2649 926 2716 dicat:
950 2649 979 2717 si
1002 2649 1124 2717 dixerit

186 2760 214 2824 3.
237 2756 313 2824 Aul.
339 2759 404 2823 836
428 2807 657 2824 ...........
680 2759 723 2823 66
747 2756 851 2825 ravim
878 2776 1008 2839 poscam
1032 2758 1123 2840 prins

185 2869 214 2931 4.
238 2865 331 2932 Cure.
355 2864 418 2929 275
444 2914 671 2931 ...........
695 2863 751 2946 qui
778 2863 911 2930 missust
937 2863 971 2931 in
995 2865 1122 2932 Cam'am

186 2974 215 3038 5.
238 2972 319 3039 ibid.
343 2973 408 3039 649
434 3022 640 3037 ..........
665 2989 725 3037 nec
748 2970 856 3039 vivam
881 2989 942 3038 nec
964 2977 1121 3038 mortuam

184 3082 214 3147 6.
236 3079 336 3161 Epid.
359 3081 424 3146 466
449 3128 722 3144 .............
747 3075 835 3146 (davd
857 3077 935 3145 siris
958 3097 1028 3145 cum
1051 3077 1123 3144 filia

185 3189 213 3253 7.
237 3187 322 3252 Men.
345 3186 409 3251 294
433 3237 462 3251 ..
499 3235 662 3251 ........
685 3203 749 3252 non
772 3185 859 3251 nosti
882 3204 997 3252 nomen
1020 3204 1123 3252 meum

185 3297 214 3360 8.
238 3293 317 3359 ibid.
341 3294 405 3358 484
430 3341 569 3358 .......
594 3291 673 3372 quid
700 3292 814 3358 multis
836 3291 949 3359 verbis
971 3292 1123 3378 <opusti>

184 3403 213 3466 9.
237 3399 315 3466 ibid.
337 3401 401 3465 499
426 3449 609 3465 .........
634 3395 728 3480 qnasi
751 3419 865 3465 nomen
885 3418 950 3465 non
968 3400 1123 3484 gnoveris

165 3511 214 3573 16.
238 3508 337 3573 Mero.
363 3508 426 3572 752
451 3558 657 3574 ..........
681 3525 762 3587 qnos
788 3505 878 3573 inter
901 3507 1002 3574 index
1025 3509 1122 3574 datus

165 3616 213 3679 11.
236 3614 308 3680 Μ11.
332 3616 396 3680 826
421 3615 511 3698 (821)
611 3632 704 3694 quom
729 3618 849 3680 sertas
873 3614 966 3695 quasi
989 3616 1123 3681 sorbeas

163 3724 214 3788 12.
237 3721 315 3788 ibid.
340 3723 426 3787 1695
450 3771 658 3788 ..........
681 3741 755 3787 nam
779 3721 867 3788 nullo
891 3730 988 3803 pacto
1012 3727 1124 3803 potest

162 3831 213 3896 13.
236 3829 331 3895 Most.
355 3830 418 3893 364
444 3878 603 3894 ........
628 3827 761 3909 expensi
783 3827 871 3895 inter
893 3847 951 3895 nos
970 3829 1124 3896 convenit

164 3939 213 4002 14.
236 3936 326 4003 Pers.
350 3937 415 4000 468
440 3987 446 3999 .
463 3985 469 3998 .
485 3985 491 3998 .
507 3987 513 4000 .
529 3986 535 3997 .
552 3987 558 3999 .
575 3987 581 3999 .
598 3986 603 3998 .
620 3986 625 3997 .
650 3934 765 4017 iniure,
792 3935 891 4019 inlex,
914 3935 1006 4002 labes
1028 3935 1122 4018 popli

164 4044 213 4114 15.
236 4043 335 4115 Poen
360 4045 423 4113 775
448 4093 655 4114 ..........
680 4046 779 4127 atque
802 4041 891 4109 inter
913 4061 949 4109 se
968 4042 1122 4111 dividant
