3014 4642
644 226 866 289 -81..

165 435 197 496 p.
224 416 349 481 135ιὼι
362 415 408 501 3·).
455 414 559 498 Quam
582 415 764 498 opinionem
787 417 1047 484 luculentissime
1070 418 1252 487 confirmari
1274 421 1341 489 for-

166 522 227 587 mis
242 523 279 588 ‘c’
293 523 488 607 terminatis,
508 542 589 604 quas
607 522 686 590 item
705 529 804 606 atque
823 525 939 608 audin,
958 531 1182 610 monstratust,
1200 529 1340 595 missust’

165 629 201 694 in
224 629 339 696 ultima
361 635 476 696 acutas
499 630 636 712 ideoque
660 630 731 698 sine
754 634 826 697 ullo
845 635 997 714 scrupulo
1016 652 1037 698 a
1054 634 1161 715 poetis
1181 634 1340 702 admissas

166 755 240 803 esse
257 738 293 803 in
312 737 487 804 interiores
507 738 711 820 dipodiarum
731 741 832 822 pedes
851 758 961 821 perse
981 739 1133 825 intellegi
1147 742 1341 809 arbitratur.

165 842 231 909 Sed
254 846 295 910 de
322 844 482 911 eiusmodi
508 844 635 913 voculis
664 844 754 912 elisis
782 845 957 927 spondiaco
980 849 1082 915 verbo
1111 847 1238 914 suffixis
1266 868 1340 917 con-

166 949 256 1017 feras
287 950 384 1019 velim
417 970 501 1034 quae
536 969 635 1033 supra
674 951 910 1034 disputavimus
947 953 1013 1039 (pp.
1043 955 1093 1018 22.
1118 954 1184 1040 23).
1242 956 1341 1022 Talia

166 1057 251 1123 enim
274 1060 378 1125 verba
400 1060 513 1125 eadem
537 1057 665 1126 ratione
687 1065 807 1141 poetae
827 1059 990 1140 rhythmis
1013 1063 1340 1129 accommodaverunt

166 1170 266 1246 atoue
289 1166 537 1247 unumquodque
560 1165 654 1232 aliud
677 1165 886 1249 spondiacum
911 1168 1107 1234 vocabulum
1133 1168 1169 1234 in
1196 1168 1295 1236 tertio
1320 1191 1340 1237 a

165 1271 229 1337 fine
251 1272 334 1354 pede
356 1291 523 1341 versuum:
554 1291 637 1354 quae
660 1273 767 1338 omnia
789 1273 910 1339 similia
933 1293 968 1339 se
991 1275 1153 1356 praebent
1171 1280 1212 1342 'ut
1235 1277 1338 1343 conti·

166 1384 308 1446 nuentur
329 1398 395 1445 una
418 1399 498 1446 voce
517 1398 647 1448 versum
666 1380 874 1447 terminante.
912 1379 1005 1463 Quod
1028 1400 1093 1448 non
1117 1401 1195 1449 casu
1217 1382 1339 1449 factum

166 1506 237 1553 esse
269 1487 439 1570 concedes,
477 1486 507 1551 si
540 1506 648 1553 omnes
680 1489 740 1554 hos
771 1490 861 1554 locos
893 1487 981 1554 inter
1012 1507 1048 1555 se
1085 1490 1338 1572 comparaveris:

147 1590 298 1676 'praesto
335 1593 419 1660 enim
456 1599 534 1659 sunt
562 1595 602 1659 16
639 1614 753 1662 versus
794 1594 860 1680 (pp.
886 1597 936 1660 22.
965 1595 1035 1682 23),
1075 1595 1110 1662 in
1141 1596 1257 1679 quibus
1287 1603 1339 1664 est

167 1701 258 1766 Curc.
283 1703 347 1766 275
370 1700 437 1782 ‘qui
459 1700 593 1767 missust
615 1701 649 1767 in
673 1701 808 1767 Cariam·
831 1702 875 1788 (p.
899 1701 969 1788 35);
994 1708 1110 1769 contra
1132 1704 1338 1789 neglegimus

166 1826 206 1874 ea
236 1808 396 1891 exempla,
429 1826 512 1889 quae
539 1810 602 1892 ι16,
626 1810 696 1889 que’
725 1808 860 1875 elisione
883 1812 1056 1875 decurtata
1079 1811 1272 1895 exhibeant,
1302 1811 1338 1879 in

166 1914 282 1996 quibus
301 1915 401 1981 aliam
419 1920 610 1982 accentuum
629 1915 851 1983 condicionem
870 1919 984 1983 valere
1003 1920 1102 1997 atque
1121 1917 1156 1983 in
1174 1917 1337 1985 ‘odiostst’

165 2022 330 2089 similibus
360 2042 460 2105 supra
490 2022 625 2105 exposui
651 2044 681 2105 p.
706 2025 756 2089 54.
808 2020 934 2106 Quibus
962 2022 1081 2105 optime
1108 2043 1182 2090 mea
1209 2024 1336 2106 quidem

165 2127 537 2196 sententia'ostenditur
557 2133 672 2210 poetas
696 2164 737 2175 —
761 2127 919 2209 imprimis
936 2127 1088 2193 Plautum
1110 2164 1155 2223 7-
1180 2129 1254 2195 elisi
1273 2151 1337 2198 mo·

164 2235 329 2321 ncsyllabi
351 2237 405 2318 ι61,
424 2235 482 2300 est’
502 2233 647 2301 enclisim
666 2236 748 2301 adeo
767 2253 831 2302 non
849 2240 983 2316 putasse
1002 2235 1122 2301 iustam
1142 2237 1337 2319 plenamque

164 2343 301 2427 spondei
324 2340 578 2425 excusationem,
606 2346 644 2407 ut
665 2340 758 2406 illius
786 2359 912 2423 quoque
940 2341 1076 2422 spondei
1103 2341 1336 2410 insuavitatem

164 2456 356 2519 accentuum
369 2449 404 2515 in
418 2447 545 2515 ultimis
563 2448 702 2531 pedibus
720 2447 935 2532 congruentia
952 2447 1052 2514 leniri
1067 2448 1240 2518 voluerint.
1271 2451 1337 2518 Sed

163 2558 316 2642 quaestio
340 2556 494 2637 exoritur,
518 2575 650 2622 curnam
673 2555 742 2622 eius
760 2554 891 2640 generis
914 2555 1071 2622 enclitica
1091 2555 1196 2638 poetis
1218 2557 1337 2625 idonea

162 2686 227 2733 non
249 2664 317 2731 sint
340 2662 420 2748 visa,
443 2663 560 2744 quibus
583 2661 782 2744 spondiacae
805 2662 896 2730 vocis
918 2661 1119 2746 infringatur
1143 2663 1286 2731 offensio.

252 2773 304 2838 Ac
313 2770 450 2853 primum
460 2769 590 2851 quidem
600 2772 792 2836 monendum
802 2774 931 2835 estrem
940 2771 1041 2851 plane
1051 2769 1153 2836 aliter
1163 2789 1198 2837 se
1212 2773 1335 2839 habere

162 2880 197 2945 in
220 2878 262 2944 iis
284 2881 501 2960 spondeorum
519 2876 686 2960 exemplis,
710 2894 841 2957 quorum
865 2874 1042 2942 duritatem
1066 2882 1220 2943 accentus
1243 2877 1334 2945 incli-

161 2986 297 3054 natione
320 2989 561 3067 compcnsatam
584 3003 656 3050 esse
679 2988 780 3050 antea
806 2981 1015 3067 cognovimus
1042 2981 1099 3068 (cf.
1121 3002 1173 3066 pp.
1193 2986 1244 3051 52.
1264 2985 1335 3072 53):

162 3093 217 3158 hic
239 3091 324 3159 enim
342 3092 538 3158 vocabulum
557 3090 651 3172 quasi
670 3096 809 3174 augetur
828 3109 892 3156 una
911 3091 1053 3173 syllaba,
1077 3109 1140 3170 quo
1162 3090 1200 3156 fit
1222 3097 1260 3158 ut
1282 3111 1336 3159 ac·

162 3204 278 3266 centus
302 3217 343 3265 ex
371 3196 527 3264 interiore
556 3197 642 3264 thesi
670 3202 880 3264 removeatur
908 3195 1046 3277 ideoque
1069 3197 1172 3263 omnis
1193 3200 1336 3267 tollatur

163 3304 328 3387 molestia3
348 3325 422 3371 nam
441 3303 669 3386 copulationes
688 3306 802 3384 quales
821 3304 1026 3385 ‘exoptabam
1045 3305 1105 3371 me'
1124 3303 1208 3388 (Mil.
1225 3306 1335 3393 1135),

162 3413 379 3479 ‘inventurum
403 3412 446 3477 tc'
470 3410 604 3496 (Bacch.
629 3410 708 3496 856)
732 3413 871 3476 cundum
894 3409 993 3477 ictum
1017 3410 1262 3494 grammaticum
1284 3432 1335 3480 re·

162 3519 289 3602 cipiunt
320 3538 414 3600 quem
445 3518 708 3600 ‘exoptabamust
761 3517 883 3583 Contra
915 3516 1030 3598 quibus
1062 3518 1244 3584 adhaerent
1271 3519 1335 3585 illa

163 3626 244 3692 elisa
267 3627 504 3709 monosyllaba,
528 3625 556 3690 si
578 3623 613 3691 in
635 3624 676 3690 iis
696 3629 866 3691 accentum
885 3623 1035 3706 moveris,
1057 3643 1121 3690 non
1141 3644 1181 3690 ex
1200 3625 1333 3710 linguae

162 3732 349 3816 praeceptis
378 3735 616 3814 ‘monstratust
647 3731 859 3813 praefecthst’
889 3731 922 3797 in
954 3730 1072 3797 ultima
1102 3737 1230 3798 acutum
1261 3752 1334 3814 pro·

161 3840 338 3908 nuntiabis.
395 3839 623 3907 Paenultimae
655 3838 758 3923 igitur
789 3844 957 3906 accentum
991 3839 1026 3905 in
1062 3838 1220 3906 eiusmodi
1250 3839 1333 3907 locis

162 3955 278 4030 poetas
299 3951 471 4029 tantopere
499 3945 691 4014 subaudisse
714 3945 981 4015 verisimillimum
1008 3953 1071 4029 est,
1099 3951 1137 4013 ut
1164 3946 1332 4013 metricam

162 4051 370 4122 offensionem
392 4054 427 4120 in
449 4054 730 4136 antepaenultimo
761 4055 844 4136 pede
875 4073 1056 4121 mansuram
1085 4053 1189 4120 fuisse
1219 4053 1334 4119 existi·

434 4171 435 4174 ’
1174 4159 1190 4212 6
