<?xml version="1.0" encoding="UTF-8"?>
<!DOCTYPE html PUBLIC "-//W3C//DTD XHTML 1.0 Transitional//EN"
    "http://www.w3.org/TR/xhtml1/DTD/xhtml1-transitional.dtd">
<html xmlns="http://www.w3.org/1999/xhtml" xml:lang="en" lang="en">
 <head>
  <title>
</title>
<meta http-equiv="Content-Type" content="text/html;charset=utf-8" />
  <meta name='ocr-system' content='tesseract 3.04.00' />
  <meta name='ocr-capabilities' content='ocr_page ocr_carea ocr_par ocr_line ocrx_word'/>
</head>
<body>
  <div class='ocr_page' id='page_1' title='image "./despondeisetana00hinggoog_0071.png"; bbox 0 0 3014 4642; ppageno 0'>
   <div class='ocr_carea' id='block_1_1' title="bbox 640 215 862 282">
    <p class='ocr_par' dir='ltr' id='par_1_1' title="bbox 640 215 862 282">
     <span class='ocr_line' id='line_1_1' title="bbox 640 215 862 282; baseline 0 -18"><span class='ocrx_word' id='word_1_1' title='bbox 640 215 862 282; x_wconf 81' lang='grc'>...66-</span> 
     </span>
    </p>
   </div>
   <div class='ocr_carea' id='block_1_2' title="bbox 162 411 1342 4142">
    <p class='ocr_par' dir='ltr' id='par_1_2' title="bbox 162 411 1342 2635">
     <span class='ocr_line' id='line_1_2' title="bbox 164 411 1341 499; baseline -0.009 -11"><span class='ocrx_word' id='word_1_2' title='bbox 164 417 336 499; x_wconf 84' lang='lat' dir='ltr'>vocabulo‚</span> <span class='ocrx_word' id='word_1_3' title='bbox 359 432 422 497; x_wconf 90' lang='lat' dir='ltr'>quo</span> <span class='ocrx_word' id='word_1_4' title='bbox 441 413 611 480; x_wconf 81' lang='lat' dir='ltr'><strong>faciliores</strong></span> <span class='ocrx_word' id='word_1_5' title='bbox 629 412 800 496; x_wconf 77' lang='lat' dir='ltr'><strong>rhythmos</strong></span> <span class='ocrx_word' id='word_1_6' title='bbox 817 413 994 479; x_wconf 78' lang='lat' dir='ltr'>redderent</span> <span class='ocrx_word' id='word_1_7' title='bbox 1011 411 1212 494; x_wconf 86' lang='lat' dir='ltr'>spondeique</span> <span class='ocrx_word' id='word_1_8' title='bbox 1229 411 1341 497; x_wconf 81' lang='lat' dir='ltr'>gravi-</span> 
     </span>
     <span class='ocr_line' id='line_1_3' title="bbox 164 519 1340 604; baseline -0.008 -9"><span class='ocrx_word' id='word_1_9' title='bbox 164 532 265 595; x_wconf 81' lang='lat' dir='ltr'>tatem</span> <span class='ocrx_word' id='word_1_10' title='bbox 298 525 544 604; x_wconf 82' lang='lat' dir='ltr'>compensarent</span> <span class='ocrx_word' id='word_1_11' title='bbox 578 525 768 586; x_wconf 80' lang='lat' dir='ltr'>accentuum</span> <span class='ocrx_word' id='word_1_12' title='bbox 804 519 1045 587; x_wconf 86' lang='lat' dir='ltr'>concordantia.</span> <span class='ocrx_word' id='word_1_13' title='bbox 1100 520 1241 586; x_wconf 81' lang='lat' dir='ltr'>Eosdem</span> <span class='ocrx_word' id='word_1_14' title='bbox 1276 539 1340 586; x_wconf 90' lang='lat' dir='ltr'>non</span> 
     </span>
     <span class='ocr_line' id='line_1_4' title="bbox 164 625 1341 717; baseline -0.007 -17"><span class='ocrx_word' id='word_1_15' title='bbox 164 632 350 717; x_wconf 81' lang='lat' dir='ltr'>ignoramus</span> <span class='ocrx_word' id='word_1_16' title='bbox 374 626 565 695; x_wconf 81' lang='lat' dir='ltr'>adhibuisse</span> <span class='ocrx_word' id='word_1_17' title='bbox 587 625 750 692; x_wconf 88' lang='lat' dir='ltr'>interdurn</span> <span class='ocrx_word' id='word_1_18' title='bbox 773 628 935 694; x_wconf 91' lang='lat' dir='ltr'>vocabula</span> <span class='ocrx_word' id='word_1_19' title='bbox 952 629 1052 709; x_wconf 89' lang='lat' dir='ltr'>plura</span> <span class='ocrx_word' id='word_1_20' title='bbox 1070 625 1234 693; x_wconf 79' lang='lat' dir='ltr'>artissime</span> <span class='ocrx_word' id='word_1_21' title='bbox 1253 625 1341 693; x_wconf 86' lang='lat' dir='ltr'>inter</span> 
     </span>
     <span class='ocr_line' id='line_1_5' title="bbox 164 732 1340 817; baseline -0.003 -14"><span class='ocrx_word' id='word_1_22' title='bbox 164 758 199 806; x_wconf 88' lang='lat' dir='ltr'>se</span> <span class='ocrx_word' id='word_1_23' title='bbox 222 736 411 817; x_wconf 87' lang='lat' dir='ltr'>coniuncta,</span> <span class='ocrx_word' id='word_1_24' title='bbox 443 733 560 815; x_wconf 89' lang='lat' dir='ltr'>quibus</span> <span class='ocrx_word' id='word_1_25' title='bbox 588 735 723 799; x_wconf 89' lang='lat' dir='ltr'>eandem</span> <span class='ocrx_word' id='word_1_26' title='bbox 756 732 822 800; x_wconf 88' lang='lat' dir='ltr'>vim</span> <span class='ocrx_word' id='word_1_27' title='bbox 851 733 997 800; x_wconf 88' lang='lat' dir='ltr'>tribuere</span> <span class='ocrx_word' id='word_1_28' title='bbox 1023 732 1121 800; x_wconf 88' lang='lat' dir='ltr'>licuit</span> <span class='ocrx_word' id='word_1_29' title='bbox 1148 752 1246 815; x_wconf 90' lang='lat' dir='ltr'>quam</span> <span class='ocrx_word' id='word_1_30' title='bbox 1273 733 1340 799; x_wconf 90' lang='lat' dir='ltr'>uni.</span> 
     </span>
     <span class='ocr_line' id='line_1_6' title="bbox 163 840 1340 922; baseline -0.006 -10"><span class='ocrx_word' id='word_1_31' title='bbox 163 843 300 911; x_wconf 90' lang='lat' dir='ltr'>Nomina</span> <span class='ocrx_word' id='word_1_32' title='bbox 331 840 447 908; x_wconf 82' lang='lat' dir='ltr'>‘Macci</span> <span class='ocrx_word' id='word_1_33' title='bbox 478 841 567 922; x_wconf 78' lang='lat' dir='ltr'>Titi&#39;,</span> <span class='ocrx_word' id='word_1_34' title='bbox 607 859 799 922; x_wconf 90' lang='lat' dir='ltr'>quamquam</span> <span class='ocrx_word' id='word_1_35' title='bbox 839 841 1072 921; x_wconf 85' lang='lat' dir='ltr'>quodammodo</span> <span class='ocrx_word' id='word_1_36' title='bbox 1110 859 1150 906; x_wconf 91' lang='lat' dir='ltr'>ea</span> <span class='ocrx_word' id='word_1_37' title='bbox 1182 840 1272 908; x_wconf 89' lang='lat' dir='ltr'>inter</span> <span class='ocrx_word' id='word_1_38' title='bbox 1305 859 1340 906; x_wconf 92' lang='lat' dir='ltr'>se</span> 
     </span>
     <span class='ocr_line' id='line_1_7' title="bbox 165 939 1340 1032; baseline -0.002 -14"><span class='ocrx_word' id='word_1_39' title='bbox 165 953 338 1018; x_wconf 88' lang='lat' dir='ltr'>cohaerere</span> <span class='ocrx_word' id='word_1_40' title='bbox 362 967 426 1014; x_wconf 95' lang='lat' dir='ltr'>non</span> <span class='ocrx_word' id='word_1_41' title='bbox 448 939 648 1032; x_wconf 80' lang='lat' dir='ltr'>negabimus,</span> <span class='ocrx_word' id='word_1_42' title='bbox 677 949 737 1013; x_wconf 95' lang='lat' dir='ltr'>sub</span> <span class='ocrx_word' id='word_1_43' title='bbox 767 965 830 1013; x_wconf 90' lang='lat' dir='ltr'>uno</span> <span class='ocrx_word' id='word_1_44' title='bbox 858 953 997 1014; x_wconf 90' lang='lat' dir='ltr'>accentu</span> <span class='ocrx_word' id='word_1_45' title='bbox 1024 947 1074 1014; x_wconf 91' lang='lat' dir='ltr'>ita</span> <span class='ocrx_word' id='word_1_46' title='bbox 1100 966 1173 1014; x_wconf 88' lang='lat' dir='ltr'>esse</span> <span class='ocrx_word' id='word_1_47' title='bbox 1199 966 1340 1030; x_wconf 90' lang='lat' dir='ltr'>pronun·</span> 
     </span>
     <span class='ocr_line' id='line_1_8' title="bbox 163 1054 1340 1137; baseline -0.005 -12"><span class='ocrx_word' id='word_1_48' title='bbox 163 1058 278 1125; x_wconf 86' lang='lat' dir='ltr'>tianda</span> <span class='ocrx_word' id='word_1_49' title='bbox 300 1060 338 1122; x_wconf 85' lang='lat' dir='ltr'>ut</span> <span class='ocrx_word' id='word_1_50' title='bbox 359 1055 456 1137; x_wconf 88' lang='lat' dir='ltr'>plane</span> <span class='ocrx_word' id='word_1_51' title='bbox 476 1060 618 1136; x_wconf 88' lang='lat' dir='ltr'>aequent</span> <span class='ocrx_word' id='word_1_52' title='bbox 635 1073 733 1120; x_wconf 93' lang='lat' dir='ltr'>unum</span> <span class='ocrx_word' id='word_1_53' title='bbox 752 1054 887 1121; x_wconf 89' lang='lat' dir='ltr'>verbum</span> <span class='ocrx_word' id='word_1_54' title='bbox 906 1072 999 1120; x_wconf 85' lang='lat' dir='ltr'>uerno</span> <span class='ocrx_word' id='word_1_55' title='bbox 1018 1073 1158 1135; x_wconf 88' lang='lat' dir='ltr'>unquam</span> <span class='ocrx_word' id='word_1_56' title='bbox 1176 1054 1340 1136; x_wconf 86' lang='lat' dir='ltr'>probabit.</span> 
     </span>
     <span class='ocr_line' id='line_1_9' title="bbox 164 1160 1340 1246; baseline -0.003 -14"><span class='ocrx_word' id='word_1_57' title='bbox 164 1166 280 1246; x_wconf 87' lang='lat' dir='ltr'>Itaque</span> <span class='ocrx_word' id='word_1_58' title='bbox 308 1161 470 1243; x_wconf 84' lang='lat' dir='ltr'>duplicem</span> <span class='ocrx_word' id='word_1_59' title='bbox 493 1161 682 1242; x_wconf 83' lang='lat' dir='ltr'>explicandi</span> <span class='ocrx_word' id='word_1_60' title='bbox 710 1160 870 1228; x_wconf 91' lang='lat' dir='ltr'>rationem</span> <span class='ocrx_word' id='word_1_61' title='bbox 895 1160 1040 1228; x_wconf 81' lang='lat' dir='ltr'>videmus</span> <span class='ocrx_word' id='word_1_62' title='bbox 1070 1167 1215 1228; x_wconf 81' lang='lat' dir='ltr'>exstare:</span> <span class='ocrx_word' id='word_1_63' title='bbox 1245 1181 1340 1229; x_wconf 87' lang='lat' dir='ltr'>unam</span> 
     </span>
     <span class='ocr_line' id='line_1_10' title="bbox 164 1269 1340 1363; baseline -0.002 -25"><span class='ocrx_word' id='word_1_64' title='bbox 164 1278 201 1338; x_wconf 92' lang='lat' dir='ltr'>ut</span> <span class='ocrx_word' id='word_1_65' title='bbox 241 1269 470 1338; x_wconf 86' lang='lat' dir='ltr'>Ritscheliana</span> <span class='ocrx_word' id='word_1_66' title='bbox 512 1269 699 1336; x_wconf 89' lang='lat' dir='ltr'>coniectura</span> <span class='ocrx_word' id='word_1_67' title='bbox 740 1270 896 1363; x_wconf 82' lang='lat' dir='ltr'>probata¹</span> <span class='ocrx_word' id='word_1_68' title='bbox 918 1275 1033 1350; x_wconf 91' lang='lat' dir='ltr'>aperte</span> <span class='ocrx_word' id='word_1_69' title='bbox 1069 1272 1263 1337; x_wconf 84' lang='lat' dir='ltr'>accedamus</span> <span class='ocrx_word' id='word_1_70' title='bbox 1298 1271 1340 1336; x_wconf 89' lang='lat' dir='ltr'>ad</span> 
     </span>
     <span class='ocr_line' id='line_1_11' title="bbox 164 1374 1340 1459; baseline -0.002 -15"><span class='ocrx_word' id='word_1_71' title='bbox 164 1376 379 1445; x_wconf 84' lang='lat' dir='ltr'>Dniatzkonis</span> <span class='ocrx_word' id='word_1_72' title='bbox 416 1374 612 1442; x_wconf 88' lang='lat' dir='ltr'>sententiam</span> <span class='ocrx_word' id='word_1_73' title='bbox 649 1375 787 1441; x_wconf 87' lang='lat' dir='ltr'>maxime</span> <span class='ocrx_word' id='word_1_74' title='bbox 823 1375 999 1442; x_wconf 89' lang='lat' dir='ltr'>haerentes</span> <span class='ocrx_word' id='word_1_75' title='bbox 1034 1375 1070 1441; x_wconf 91' lang='lat' dir='ltr'>in</span> <span class='ocrx_word' id='word_1_76' title='bbox 1106 1375 1203 1459; x_wconf 85' lang='lat' dir='ltr'>gravi</span> <span class='ocrx_word' id='word_1_77' title='bbox 1238 1375 1340 1442; x_wconf 91' lang='lat' dir='ltr'>mani-</span> 
     </span>
     <span class='ocr_line' id='line_1_12' title="bbox 164 1481 1342 1566; baseline 0 -16"><span class='ocrx_word' id='word_1_78' title='bbox 164 1484 313 1566; x_wconf 85' lang='lat' dir='ltr'>festoque</span> <span class='ocrx_word' id='word_1_79' title='bbox 341 1501 546 1549; x_wconf 89' lang='lat' dir='ltr'>numerorum</span> <span class='ocrx_word' id='word_1_80' title='bbox 573 1482 668 1564; x_wconf 80' lang='lat' dir='ltr'>viti03</span> <span class='ocrx_word' id='word_1_81' title='bbox 702 1481 757 1564; x_wconf 87' lang='lat' dir='ltr'>qui</span> <span class='ocrx_word' id='word_1_82' title='bbox 784 1483 837 1551; x_wconf 86' lang='lat' dir='ltr'>vir</span> <span class='ocrx_word' id='word_1_83' title='bbox 864 1483 979 1549; x_wconf 89' lang='lat' dir='ltr'>doctus</span> <span class='ocrx_word' id='word_1_84' title='bbox 1006 1481 1200 1549; x_wconf 84' lang='lat' dir='ltr'>Mercatoris</span> <span class='ocrx_word' id='word_1_85' title='bbox 1232 1484 1342 1565; x_wconf 91' lang='lat' dir='ltr'>prolo-</span> 
     </span>
     <span class='ocr_line' id='line_1_13' title="bbox 162 1588 1342 1677; baseline -0.001 -19"><span class='ocrx_word' id='word_1_86' title='bbox 162 1610 238 1677; x_wconf 86' lang='lat' dir='ltr'>gum</span> <span class='ocrx_word' id='word_1_87' title='bbox 261 1595 488 1673; x_wconf 86' lang='lat' dir='ltr'>perscrutatus</span> <span class='ocrx_word' id='word_1_88' title='bbox 507 1590 548 1655; x_wconf 93' lang='lat' dir='ltr'>de</span> <span class='ocrx_word' id='word_1_89' title='bbox 567 1588 716 1658; x_wconf 83' lang='lat' dir='ltr'>uersibus</span> <span class='ocrx_word' id='word_1_90' title='bbox 740 1592 769 1656; x_wconf 84' lang='lat'>9.</span> <span class='ocrx_word' id='word_1_91' title='bbox 792 1592 840 1655; x_wconf 89' lang='grc'>10.</span> <span class='ocrx_word' id='word_1_92' title='bbox 864 1591 908 1655; x_wconf 91' lang='lat' dir='ltr'>ad</span> <span class='ocrx_word' id='word_1_93' title='bbox 927 1589 989 1656; x_wconf 93' lang='lat' dir='ltr'>hoc</span> <span class='ocrx_word' id='word_1_94' title='bbox 1008 1588 1164 1656; x_wconf 90' lang='lat' dir='ltr'>iudicium</span> <span class='ocrx_word' id='word_1_95' title='bbox 1187 1590 1342 1672; x_wconf 84' lang='lat' dir='ltr'>pervenit</span> 
     </span>
     <span class='ocr_line' id='line_1_14' title="bbox 164 1679 1340 1785; baseline 0 -21"><span class='ocrx_word' id='word_1_96' title='bbox 164 1699 259 1785; x_wconf 92' lang='lat' dir='ltr'>(mus.</span> <span class='ocrx_word' id='word_1_97' title='bbox 285 1697 391 1763; x_wconf 89' lang='lat' dir='ltr'>Rben.</span> <span class='ocrx_word' id='word_1_98' title='bbox 420 1696 545 1763; x_wconf 81' lang='lat' dir='ltr'>XXVI.</span> <span class='ocrx_word' id='word_1_99' title='bbox 571 1698 653 1762; x_wconf 81' lang='grc'>1871</span> <span class='ocrx_word' id='word_1_100' title='bbox 680 1716 711 1778; x_wconf 90' lang='lat' dir='ltr'>p.</span> <span class='ocrx_word' id='word_1_101' title='bbox 735 1695 828 1782; x_wconf 84' lang='lat'>433):</span> <span class='ocrx_word' id='word_1_102' title='bbox 864 1679 975 1778; x_wconf 73' lang='lat' dir='ltr'>„iiber</span> <span class='ocrx_word' id='word_1_103' title='bbox 1007 1695 1054 1763; x_wconf 88' lang='lat' dir='ltr'>sie</span> <span class='ocrx_word' id='word_1_104' title='bbox 1084 1696 1165 1762; x_wconf 80' lang='lat' dir='ltr'>laist</span> <span class='ocrx_word' id='word_1_105' title='bbox 1192 1697 1264 1764; x_wconf 89' lang='lat' dir='ltr'>sich</span> <span class='ocrx_word' id='word_1_106' title='bbox 1287 1697 1340 1764; x_wconf 88' lang='lat' dir='ltr'>ein</span> 
     </span>
     <span class='ocr_line' id='line_1_15' title="bbox 163 1802 1340 1886; baseline -0.001 -14"><span class='ocrx_word' id='word_1_107' title='bbox 163 1805 308 1872; x_wconf 88' lang='lat' dir='ltr'>sicheres</span> <span class='ocrx_word' id='word_1_108' title='bbox 326 1803 437 1870; x_wconf 86' lang='lat' dir='ltr'>Urteil</span> <span class='ocrx_word' id='word_1_109' title='bbox 451 1802 564 1886; x_wconf 78' lang='lat' dir='ltr'>fallen,</span> <span class='ocrx_word' id='word_1_110' title='bbox 588 1803 662 1869; x_wconf 81' lang='lat' dir='ltr'>dala</span> <span class='ocrx_word' id='word_1_111' title='bbox 686 1802 734 1869; x_wconf 91' lang='lat' dir='ltr'>sie</span> <span class='ocrx_word' id='word_1_112' title='bbox 756 1804 901 1870; x_wconf 81' lang='lat' dir='ltr'>n‘amlich</span> <span class='ocrx_word' id='word_1_113' title='bbox 915 1823 958 1871; x_wconf 90' lang='lat' dir='ltr'>an</span> <span class='ocrx_word' id='word_1_114' title='bbox 972 1803 1088 1870; x_wconf 92' lang='lat' dir='ltr'>keiner</span> <span class='ocrx_word' id='word_1_115' title='bbox 1101 1803 1211 1871; x_wconf 84' lang='lat' dir='ltr'>Stelle</span> <span class='ocrx_word' id='word_1_116' title='bbox 1224 1823 1340 1872; x_wconf 85' lang='lat' dir='ltr'>unsers</span> 
     </span>
     <span class='ocr_line' id='line_1_16' title="bbox 162 1908 1341 1995; baseline -0.001 -16"><span class='ocrx_word' id='word_1_117' title='bbox 162 1913 302 1995; x_wconf 86' lang='lat' dir='ltr'>Prologs</span> <span class='ocrx_word' id='word_1_118' title='bbox 316 1961 324 1977; x_wconf 94' lang='lat'><strong>.</strong></span> <span class='ocrx_word' id='word_1_119' title='bbox 339 1963 346 1977; x_wconf 92' lang='lat'><strong>.</strong></span> <span class='ocrx_word' id='word_1_120' title='bbox 361 1960 391 1976; x_wconf 89' lang='lat'>..</span> <span class='ocrx_word' id='word_1_121' title='bbox 414 1929 465 1976; x_wconf 90' lang='lat' dir='ltr'>am</span> <span class='ocrx_word' id='word_1_122' title='bbox 486 1911 604 1975; x_wconf 78' lang='lat' dir='ltr'>Platae</span> <span class='ocrx_word' id='word_1_123' title='bbox 627 1908 710 1993; x_wconf 75' lang='lat' dir='ltr'>sind,</span> <span class='ocrx_word' id='word_1_124' title='bbox 733 1910 876 1977; x_wconf 84' lang='lat' dir='ltr'>...dass</span> <span class='ocrx_word' id='word_1_125' title='bbox 899 1910 947 1976; x_wconf 90' lang='lat' dir='ltr'>sie</span> <span class='ocrx_word' id='word_1_126' title='bbox 970 1909 1030 1978; x_wconf 85' lang='lat' dir='ltr'>auf</span> <span class='ocrx_word' id='word_1_127' title='bbox 1048 1911 1142 1977; x_wconf 86' lang='lat' dir='ltr'>sinen</span> <span class='ocrx_word' id='word_1_128' title='bbox 1164 1912 1341 1995; x_wconf 86' lang='lat' dir='ltr'>gelehrten</span> 
     </span>
     <span class='ocr_line' id='line_1_17' title="bbox 164 2016 1341 2102; baseline 0.001 -16"><span class='ocrx_word' id='word_1_129' title='bbox 164 2017 409 2086; x_wconf 84' lang='lat' dir='ltr'>Grammatiker</span> <span class='ocrx_word' id='word_1_130' title='bbox 422 2016 654 2101; x_wconf 85' lang='lat' dir='ltr'>zuriickgehen</span> <span class='ocrx_word' id='word_1_131' title='bbox 668 2017 743 2098; x_wconf 90' lang='lat' dir='ltr'>und,</span> <span class='ocrx_word' id='word_1_132' title='bbox 762 2016 930 2085; x_wconf 88' lang='lat' dir='ltr'>vielleicht</span> <span class='ocrx_word' id='word_1_133' title='bbox 948 2018 1047 2084; x_wconf 84' lang='lat' dir='ltr'>sciron</span> <span class='ocrx_word' id='word_1_134' title='bbox 1062 2017 1250 2102; x_wconf 80' lang='lat' dir='ltr'>frdhzeitig‚</span> <span class='ocrx_word' id='word_1_135' title='bbox 1269 2038 1341 2087; x_wconf 85' lang='lat' dir='ltr'>num</span> 
     </span>
     <span class='ocr_line' id='line_1_18' title="bbox 162 2122 1341 2211; baseline 0.001 -19"><span class='ocrx_word' id='word_1_136' title='bbox 162 2126 284 2194; x_wconf 88' lang='lat' dir='ltr'>Zweck</span> <span class='ocrx_word' id='word_1_137' title='bbox 311 2127 370 2191; x_wconf 95' lang='lat' dir='ltr'>der</span> <span class='ocrx_word' id='word_1_138' title='bbox 398 2124 590 2208; x_wconf 85' lang='lat' dir='ltr'>Belehrung</span> <span class='ocrx_word' id='word_1_139' title='bbox 622 2122 676 2190; x_wconf 82' lang='lat' dir='ltr'>fur</span> <span class='ocrx_word' id='word_1_140' title='bbox 707 2124 761 2190; x_wconf 92' lang='lat' dir='ltr'>die</span> <span class='ocrx_word' id='word_1_141' title='bbox 791 2124 895 2190; x_wconf 85' lang='lat' dir='ltr'>Leser</span> <span class='ocrx_word' id='word_1_142' title='bbox 922 2126 994 2191; x_wconf 92' lang='lat' dir='ltr'>dem</span> <span class='ocrx_word' id='word_1_143' title='bbox 1017 2124 1138 2209; x_wconf 85' lang='lat' dir='ltr'>Prolog</span> <span class='ocrx_word' id='word_1_144' title='bbox 1170 2125 1341 2211; x_wconf 82' lang='lat' dir='ltr'>eingefugt</span> 
     </span>
     <span class='ocr_line' id='line_1_19' title="bbox 162 2218 1340 2314; baseline -0.001 -13"><span class='ocrx_word' id='word_1_145' title='bbox 162 2235 325 2301; x_wconf 85' lang='lat' dir='ltr'>wurden..“</span> <span class='ocrx_word' id='word_1_146' title='bbox 365 2218 491 2298; x_wconf 51' lang='lat' dir='ltr'>¹ltltera</span> <span class='ocrx_word' id='word_1_147' title='bbox 520 2237 585 2314; x_wconf 86' lang='lat' dir='ltr'>est,</span> <span class='ocrx_word' id='word_1_148' title='bbox 616 2249 680 2313; x_wconf 89' lang='lat' dir='ltr'>qua</span> <span class='ocrx_word' id='word_1_149' title='bbox 703 2236 835 2298; x_wconf 86' lang='lat' dir='ltr'>utentes</span> <span class='ocrx_word' id='word_1_150' title='bbox 859 2231 1035 2314; x_wconf 84' lang='lat' dir='ltr'>genuinum</span> <span class='ocrx_word' id='word_1_151' title='bbox 1063 2251 1135 2299; x_wconf 90' lang='lat' dir='ltr'>esse</span> <span class='ocrx_word' id='word_1_152' title='bbox 1158 2238 1340 2301; x_wconf 89' lang='lat' dir='ltr'>statuamus</span> 
     </span>
     <span class='ocr_line' id='line_1_20' title="bbox 162 2338 1340 2422; baseline 0.001 -16"><span class='ocrx_word' id='word_1_153' title='bbox 162 2341 249 2406; x_wconf 89' lang='lat' dir='ltr'>bunc</span> <span class='ocrx_word' id='word_1_154' title='bbox 267 2357 407 2408; x_wconf 89' lang='lat' dir='ltr'>versum.</span> <span class='ocrx_word' id='word_1_155' title='bbox 443 2338 509 2404; x_wconf 86' lang='lat' dir='ltr'>Sed</span> <span class='ocrx_word' id='word_1_156' title='bbox 531 2338 616 2404; x_wconf 92' lang='lat' dir='ltr'>illud</span> <span class='ocrx_word' id='word_1_157' title='bbox 640 2338 699 2406; x_wconf 85' lang='lat' dir='ltr'>vix</span> <span class='ocrx_word' id='word_1_158' title='bbox 722 2338 883 2406; x_wconf 88' lang='lat' dir='ltr'>credibile</span> <span class='ocrx_word' id='word_1_159' title='bbox 906 2339 1040 2406; x_wconf 88' lang='lat' dir='ltr'>videtur</span> <span class='ocrx_word' id='word_1_160' title='bbox 1057 2340 1211 2405; x_wconf 89' lang='lat' dir='ltr'>Plautum</span> <span class='ocrx_word' id='word_1_161' title='bbox 1234 2339 1340 2422; x_wconf 92' lang='lat' dir='ltr'>ipsum</span> 
     </span>
     <span class='ocr_line' id='line_1_21' title="bbox 163 2443 1340 2529; baseline 0.002 -17"><span class='ocrx_word' id='word_1_162' title='bbox 163 2447 221 2513; x_wconf 91' lang='lat' dir='ltr'>illa</span> <span class='ocrx_word' id='word_1_163' title='bbox 247 2446 322 2529; x_wconf 85' lang='lat' dir='ltr'>lege</span> <span class='ocrx_word' id='word_1_164' title='bbox 349 2444 445 2526; x_wconf 90' lang='lat' dir='ltr'>plane</span> <span class='ocrx_word' id='word_1_165' title='bbox 473 2446 629 2527; x_wconf 85' lang='lat' dir='ltr'>neglecta</span> <span class='ocrx_word' id='word_1_166' title='bbox 653 2443 873 2512; x_wconf 84' lang='lat' dir='ltr'>foedissimam</span> <span class='ocrx_word' id='word_1_167' title='bbox 900 2443 964 2512; x_wconf 90' lang='lat' dir='ltr'>sibi</span> <span class='ocrx_word' id='word_1_168' title='bbox 992 2446 1194 2513; x_wconf 88' lang='lat' dir='ltr'>concessisse</span> <span class='ocrx_word' id='word_1_169' title='bbox 1216 2446 1340 2515; x_wconf 88' lang='lat' dir='ltr'>ictuum</span> 
     </span>
     <span class='ocr_line' id='line_1_22' title="bbox 163 2551 1080 2635; baseline 0 -15"><span class='ocrx_word' id='word_1_170' title='bbox 163 2552 406 2635; x_wconf 84' lang='lat' dir='ltr'>insuavitatem,</span> <span class='ocrx_word' id='word_1_171' title='bbox 430 2569 514 2632; x_wconf 89' lang='lat' dir='ltr'>quae</span> <span class='ocrx_word' id='word_1_172' title='bbox 536 2555 588 2617; x_wconf 88' lang='lat' dir='ltr'>est</span> <span class='ocrx_word' id='word_1_173' title='bbox 610 2551 646 2616; x_wconf 93' lang='lat' dir='ltr'>in</span> <span class='ocrx_word' id='word_1_174' title='bbox 669 2554 777 2618; x_wconf 89' lang='lat' dir='ltr'>altero</span> <span class='ocrx_word' id='word_1_175' title='bbox 800 2572 915 2620; x_wconf 88' lang='lat' dir='ltr'>versus</span> <span class='ocrx_word' id='word_1_176' title='bbox 938 2551 1080 2620; x_wconf 90' lang='lat' dir='ltr'>dimidio.</span> 
     </span>
    </p>

    <p class='ocr_par' dir='ltr' id='par_1_3' title="bbox 163 2656 1341 3494">
     <span class='ocr_line' id='line_1_23' title="bbox 253 2656 1339 2742; baseline 0.003 -17"><span class='ocrx_word' id='word_1_177' title='bbox 253 2658 363 2742; x_wconf 80' lang='lat' dir='ltr'>Quid?</span> <span class='ocrx_word' id='word_1_178' title='bbox 393 2658 422 2723; x_wconf 88' lang='lat' dir='ltr'>si</span> <span class='ocrx_word' id='word_1_179' title='bbox 451 2659 538 2738; x_wconf 84' lang='lat' dir='ltr'>quod</span> <span class='ocrx_word' id='word_1_180' title='bbox 568 2656 648 2725; x_wconf 92' lang='lat' dir='ltr'>libri</span> <span class='ocrx_word' id='word_1_181' title='bbox 675 2659 837 2741; x_wconf 86' lang='lat' dir='ltr'>praebent</span> <span class='ocrx_word' id='word_1_182' title='bbox 863 2658 1009 2726; x_wconf 88' lang='lat' dir='ltr'>‘mattici’</span> <span class='ocrx_word' id='word_1_183' title='bbox 1032 2666 1123 2727; x_wconf 89' lang='lat' dir='ltr'>recte</span> <span class='ocrx_word' id='word_1_184' title='bbox 1147 2660 1214 2728; x_wconf 88' lang='lat' dir='ltr'>erit</span> <span class='ocrx_word' id='word_1_185' title='bbox 1237 2661 1339 2728; x_wconf 88' lang='lat' dir='ltr'>tradi·</span> 
     </span>
     <span class='ocr_line' id='line_1_24' title="bbox 163 2763 1341 2851; baseline 0.001 -18"><span class='ocrx_word' id='word_1_186' title='bbox 163 2773 246 2851; x_wconf 87' lang='lat' dir='ltr'>tum,</span> <span class='ocrx_word' id='word_1_187' title='bbox 274 2784 336 2847; x_wconf 90' lang='lat' dir='ltr'>quo</span> <span class='ocrx_word' id='word_1_188' title='bbox 359 2763 477 2831; x_wconf 90' lang='lat' dir='ltr'>similis</span> <span class='ocrx_word' id='word_1_189' title='bbox 502 2763 591 2832; x_wconf 85' lang='lat' dir='ltr'>iocus</span> <span class='ocrx_word' id='word_1_190' title='bbox 613 2764 673 2831; x_wconf 86' lang='lat' dir='ltr'>fiat</span> <span class='ocrx_word' id='word_1_191' title='bbox 695 2771 795 2847; x_wconf 86' lang='lat' dir='ltr'>atque</span> <span class='ocrx_word' id='word_1_192' title='bbox 818 2765 909 2833; x_wconf 87' lang='lat' dir='ltr'>Asin.</span> <span class='ocrx_word' id='word_1_193' title='bbox 926 2767 965 2832; x_wconf 92' lang='grc'>11</span> <span class='ocrx_word' id='word_1_194' title='bbox 991 2768 1008 2832; x_wconf 87' lang='lat'>‘.</span> <span class='ocrx_word' id='word_1_195' title='bbox 1027 2818 1034 2833; x_wconf 93' lang='lat'><strong>.</strong></span> <span class='ocrx_word' id='word_1_196' title='bbox 1053 2818 1060 2833; x_wconf 90' lang='lat'><em>.</em></span> <span class='ocrx_word' id='word_1_197' title='bbox 1079 2768 1212 2834; x_wconf 86' lang='lat' dir='ltr'>Maccus</span> <span class='ocrx_word' id='word_1_198' title='bbox 1235 2769 1341 2837; x_wconf 85' lang='lat' dir='ltr'>vortit</span> 
     </span>
     <span class='ocr_line' id='line_1_25' title="bbox 163 2871 1340 2955; baseline 0 -13"><span class='ocrx_word' id='word_1_199' title='bbox 163 2871 314 2942; x_wconf 85' lang='lat' dir='ltr'>barbare’</span> <span class='ocrx_word' id='word_1_200' title='bbox 334 2878 369 2938; x_wconf 89' lang='lat' dir='ltr'>et</span> <span class='ocrx_word' id='word_1_201' title='bbox 387 2871 458 2939; x_wconf 82' lang='lat' dir='ltr'>Oas.</span> <span class='ocrx_word' id='word_1_202' title='bbox 472 2875 555 2955; x_wconf 93' lang='lat' dir='ltr'>prol.</span> <span class='ocrx_word' id='word_1_203' title='bbox 570 2874 613 2938; x_wconf 83' lang='grc'>34</span> <span class='ocrx_word' id='word_1_204' title='bbox 632 2872 760 2939; x_wconf 86' lang='lat' dir='ltr'>‘Latine</span> <span class='ocrx_word' id='word_1_205' title='bbox 779 2873 920 2940; x_wconf 87' lang='lat' dir='ltr'>Plautus</span> <span class='ocrx_word' id='word_1_206' title='bbox 939 2892 1010 2939; x_wconf 93' lang='lat' dir='ltr'>cum</span> <span class='ocrx_word' id='word_1_207' title='bbox 1029 2873 1166 2940; x_wconf 87' lang='lat' dir='ltr'>latranti</span> <span class='ocrx_word' id='word_1_208' title='bbox 1180 2875 1340 2942; x_wconf 88' lang='lat' dir='ltr'>nomine’?</span> 
     </span>
     <span class='ocr_line' id='line_1_26' title="bbox 164 2978 1340 3064; baseline 0.002 -17"><span class='ocrx_word' id='word_1_209' title='bbox 164 2980 311 3064; x_wconf 84' lang='lat' dir='ltr'>Quonam</span> <span class='ocrx_word' id='word_1_210' title='bbox 329 2979 424 3046; x_wconf 92' lang='lat' dir='ltr'>modo</span> <span class='ocrx_word' id='word_1_211' title='bbox 442 2997 558 3047; x_wconf 86' lang='lat' dir='ltr'>versus</span> <span class='ocrx_word' id='word_1_212' title='bbox 576 2978 621 3044; x_wconf 92' lang='lat' dir='ltr'>sit</span> <span class='ocrx_word' id='word_1_213' title='bbox 639 2980 867 3062; x_wconf 89' lang='lat' dir='ltr'>emendandus,</span> <span class='ocrx_word' id='word_1_214' title='bbox 890 2979 971 3045; x_wconf 89' lang='lat' dir='ltr'>mihi</span> <span class='ocrx_word' id='word_1_215' title='bbox 995 2980 1125 3060; x_wconf 90' lang='lat' dir='ltr'>quidem</span> <span class='ocrx_word' id='word_1_216' title='bbox 1143 2987 1340 3063; x_wconf 87' lang='lat' dir='ltr'>compertum</span> 
     </span>
     <span class='ocr_line' id='line_1_27' title="bbox 164 3085 1339 3170; baseline 0.001 -16"><span class='ocrx_word' id='word_1_217' title='bbox 164 3107 229 3154; x_wconf 94' lang='lat' dir='ltr'>non</span> <span class='ocrx_word' id='word_1_218' title='bbox 258 3090 318 3152; x_wconf 91' lang='lat' dir='ltr'>est.</span> <span class='ocrx_word' id='word_1_219' title='bbox 363 3086 521 3153; x_wconf 84' lang='lat' dir='ltr'>Fortasse</span> <span class='ocrx_word' id='word_1_220' title='bbox 551 3090 660 3152; x_wconf 89' lang='lat' dir='ltr'>autem</span> <span class='ocrx_word' id='word_1_221' title='bbox 687 3085 828 3152; x_wconf 86' lang='lat' dir='ltr'>interest</span> <span class='ocrx_word' id='word_1_222' title='bbox 857 3085 937 3167; x_wconf 90' lang='lat' dir='ltr'>quid</span> <span class='ocrx_word' id='word_1_223' title='bbox 963 3086 1082 3154; x_wconf 91' lang='lat' dir='ltr'>Festus</span> <span class='ocrx_word' id='word_1_224' title='bbox 1104 3087 1253 3170; x_wconf 85' lang='lat' dir='ltr'>proferat</span> <span class='ocrx_word' id='word_1_225' title='bbox 1280 3092 1339 3157; x_wconf 90' lang='lat' dir='ltr'>sub</span> 
     </span>
     <span class='ocr_line' id='line_1_28' title="bbox 164 3192 1341 3279; baseline 0.002 -17"><span class='ocrx_word' id='word_1_226' title='bbox 164 3193 310 3262; x_wconf 86' lang='lat' dir='ltr'>‘mattici&#39;</span> <span class='ocrx_word' id='word_1_227' title='bbox 332 3193 375 3279; x_wconf 87' lang='lat' dir='ltr'>(p.</span> <span class='ocrx_word' id='word_1_228' title='bbox 397 3195 458 3259; x_wconf 85' lang='grc'>126</span> <span class='ocrx_word' id='word_1_229' title='bbox 483 3193 542 3279; x_wconf 89' lang='grc' dir='ltr'>Μ),</span> <span class='ocrx_word' id='word_1_230' title='bbox 564 3192 693 3260; x_wconf 85' lang='lat' dir='ltr'>etiarnsi</span> <span class='ocrx_word' id='word_1_231' title='bbox 715 3193 839 3262; x_wconf 84' lang='lat' dir='ltr'>certius</span> <span class='ocrx_word' id='word_1_232' title='bbox 857 3194 1030 3276; x_wconf 91' lang='lat' dir='ltr'>quicquam</span> <span class='ocrx_word' id='word_1_233' title='bbox 1053 3213 1094 3261; x_wconf 83' lang='lat' dir='ltr'>ex</span> <span class='ocrx_word' id='word_1_234' title='bbox 1116 3194 1207 3262; x_wconf 88' lang='lat' dir='ltr'>illius</span> <span class='ocrx_word' id='word_1_235' title='bbox 1230 3197 1341 3265; x_wconf 90' lang='lat' dir='ltr'>verbis</span> 
     </span>
     <span class='ocr_line' id='line_1_29' title="bbox 164 3299 1338 3386; baseline -0.001 -16"><span class='ocrx_word' id='word_1_236' title='bbox 164 3303 315 3372; x_wconf 89' lang='lat' dir='ltr'>evincere</span> <span class='ocrx_word' id='word_1_237' title='bbox 332 3319 398 3366; x_wconf 96' lang='lat' dir='ltr'>non</span> <span class='ocrx_word' id='word_1_238' title='bbox 416 3303 531 3367; x_wconf 90' lang='lat' dir='ltr'>audeo:</span> <span class='ocrx_word' id='word_1_239' title='bbox 559 3299 709 3382; x_wconf 86' lang='lat' dir='ltr'>„Mattici</span> <span class='ocrx_word' id='word_1_240' title='bbox 728 3301 999 3386; x_wconf 83' lang='lat' dir='ltr'>cognominantur</span> <span class='ocrx_word' id='word_1_241' title='bbox 1015 3303 1159 3370; x_wconf 90' lang='lat' dir='ltr'>homines</span> <span class='ocrx_word' id='word_1_242' title='bbox 1179 3305 1338 3371; x_wconf 87' lang='lat' dir='ltr'>malarum</span> 
     </span>
     <span class='ocr_line' id='line_1_30' title="bbox 164 3406 1016 3494; baseline 0 -18"><span class='ocrx_word' id='word_1_243' title='bbox 164 3428 352 3494; x_wconf 81' lang='lat' dir='ltr'>magnarum</span> <span class='ocrx_word' id='word_1_244' title='bbox 376 3412 474 3488; x_wconf 88' lang='lat' dir='ltr'>atque</span> <span class='ocrx_word' id='word_1_245' title='bbox 498 3406 703 3475; x_wconf 45' lang='lat' dir='ltr'>oribus‘late</span> <span class='ocrx_word' id='word_1_246' title='bbox 726 3408 946 3490; x_wconf 87' lang='lat' dir='ltr'>patentibus.“</span> <span class='ocrx_word' id='word_1_247' title='bbox 971 3447 1016 3456; x_wconf 88' lang='lat'><em>—</em></span> 
     </span>
    </p>

    <p class='ocr_par' dir='ltr' id='par_1_4' title="bbox 164 3515 468 3583">
     <span class='ocr_line' id='line_1_31' title="bbox 164 3515 468 3583; baseline -0.003 -1"><span class='ocrx_word' id='word_1_248' title='bbox 164 3517 283 3583; x_wconf 83' lang='lat' dir='ltr'>Restat</span> <span class='ocrx_word' id='word_1_249' title='bbox 305 3515 379 3582; x_wconf 86' lang='lat' dir='ltr'>Aul.</span> <span class='ocrx_word' id='word_1_250' title='bbox 403 3517 468 3581; x_wconf 82' lang='grc'>336</span> 
     </span>
    </p>

    <p class='ocr_par' dir='ltr' id='par_1_5' title="bbox 163 3621 1340 4142">
     <span class='ocr_line' id='line_1_32' title="bbox 253 3621 1191 3707; baseline 0.004 -19"><span class='ocrx_word' id='word_1_251' title='bbox 253 3621 318 3689; x_wconf 89' lang='lat' dir='ltr'>Vbi</span> <span class='ocrx_word' id='word_1_252' title='bbox 340 3621 448 3702; x_wconf 89' lang='lat' dir='ltr'>siquid</span> <span class='ocrx_word' id='word_1_253' title='bbox 470 3641 602 3705; x_wconf 90' lang='lat' dir='ltr'>poscam</span> <span class='ocrx_word' id='word_1_254' title='bbox 625 3641 727 3704; x_wconf 89' lang='lat' dir='ltr'>usque</span> <span class='ocrx_word' id='word_1_255' title='bbox 751 3625 794 3689; x_wconf 90' lang='lat' dir='ltr'>ad</span> <span class='ocrx_word' id='word_1_256' title='bbox 816 3624 924 3692; x_wconf 89' lang='lat' dir='ltr'>ravim</span> <span class='ocrx_word' id='word_1_257' title='bbox 946 3644 1076 3706; x_wconf 90' lang='lat' dir='ltr'>poscam</span> <span class='ocrx_word' id='word_1_258' title='bbox 1099 3624 1191 3707; x_wconf 88' lang='lat' dir='ltr'>prius</span> 
     </span>
     <span class='ocr_line' id='line_1_33' title="bbox 165 3728 1340 3813; baseline 0.002 -15"><span class='ocrx_word' id='word_1_259' title='bbox 165 3731 258 3798; x_wconf 91' lang='lat' dir='ltr'>cuius</span> <span class='ocrx_word' id='word_1_260' title='bbox 285 3728 494 3812; x_wconf 88' lang='lat' dir='ltr'>spondiacam</span> <span class='ocrx_word' id='word_1_261' title='bbox 521 3749 633 3797; x_wconf 87' lang='lat' dir='ltr'>vocem</span> <span class='ocrx_word' id='word_1_262' title='bbox 660 3729 782 3798; x_wconf 85' lang='lat' dir='ltr'>‘ravim’</span> <span class='ocrx_word' id='word_1_263' title='bbox 810 3731 910 3797; x_wconf 87' lang='lat' dir='ltr'>tertio</span> <span class='ocrx_word' id='word_1_264' title='bbox 938 3750 959 3797; x_wconf 91' lang='lat' dir='ltr'>a</span> <span class='ocrx_word' id='word_1_265' title='bbox 986 3730 1050 3797; x_wconf 86' lang='lat' dir='ltr'>fine</span> <span class='ocrx_word' id='word_1_266' title='bbox 1073 3733 1156 3813; x_wconf 92' lang='lat' dir='ltr'>pede</span> <span class='ocrx_word' id='word_1_267' title='bbox 1179 3731 1340 3800; x_wconf 88' lang='lat' dir='ltr'>inclusam</span> 
     </span>
     <span class='ocr_line' id='line_1_34' title="bbox 163 3836 1340 3925; baseline 0 -20"><span class='ocrx_word' id='word_1_268' title='bbox 163 3857 229 3905; x_wconf 89' lang='lat' dir='ltr'>non</span> <span class='ocrx_word' id='word_1_269' title='bbox 260 3838 365 3903; x_wconf 90' lang='lat' dir='ltr'>solum</span> <span class='ocrx_word' id='word_1_270' title='bbox 397 3836 634 3904; x_wconf 88' lang='lat' dir='ltr'>Ambrosianus</span> <span class='ocrx_word' id='word_1_271' title='bbox 667 3838 770 3904; x_wconf 85' lang='lat' dir='ltr'>codex</span> <span class='ocrx_word' id='word_1_272' title='bbox 800 3855 914 3905; x_wconf 86' lang='lat' dir='ltr'>verum</span> <span class='ocrx_word' id='word_1_273' title='bbox 943 3837 1041 3904; x_wconf 90' lang='lat' dir='ltr'>etiam</span> <span class='ocrx_word' id='word_1_274' title='bbox 1071 3838 1165 3905; x_wconf 88' lang='lat' dir='ltr'>Festi</span> <span class='ocrx_word' id='word_1_275' title='bbox 1193 3839 1237 3925; x_wconf 85' lang='lat' dir='ltr'>(p.</span> <span class='ocrx_word' id='word_1_276' title='bbox 1267 3843 1340 3922; x_wconf 83' lang='lat'><strong>282,</strong></span> 
     </span>
     <span class='ocr_line' id='line_1_35' title="bbox 166 3942 1339 4031; baseline 0.002 -20"><span class='ocrx_word' id='word_1_277' title='bbox 166 3947 207 4012; x_wconf 87' lang='lat'>18</span> <span class='ocrx_word' id='word_1_278' title='bbox 222 3944 271 4031; x_wconf 84' lang='lat' dir='ltr'>ll)</span> <span class='ocrx_word' id='word_1_279' title='bbox 290 3949 324 4010; x_wconf 94' lang='lat' dir='ltr'>et</span> <span class='ocrx_word' id='word_1_280' title='bbox 342 3942 440 4009; x_wconf 90' lang='lat' dir='ltr'>Nonii</span> <span class='ocrx_word' id='word_1_281' title='bbox 460 3943 502 4030; x_wconf 91' lang='lat' dir='ltr'>(p.</span> <span class='ocrx_word' id='word_1_282' title='bbox 519 3943 647 4029; x_wconf 84' lang='grc'>37411)</span> <span class='ocrx_word' id='word_1_283' title='bbox 671 3943 749 4010; x_wconf 91' lang='lat' dir='ltr'>libri</span> <span class='ocrx_word' id='word_1_284' title='bbox 768 3944 937 4025; x_wconf 85' lang='lat' dir='ltr'>praebent.</span> <span class='ocrx_word' id='word_1_285' title='bbox 965 3944 1194 4029; x_wconf 82' lang='lat' dir='ltr'>Brugmannus</span> <span class='ocrx_word' id='word_1_286' title='bbox 1210 3947 1339 4028; x_wconf 89' lang='lat' dir='ltr'>quidem</span> 
     </span>
     <span class='ocr_line' id='line_1_36' title="bbox 165 4049 1340 4142; baseline 0.003 -25"><span class='ocrx_word' id='word_1_287' title='bbox 165 4052 249 4119; x_wconf 90' lang='lat' dir='ltr'>banc</span> <span class='ocrx_word' id='word_1_288' title='bbox 271 4051 446 4118; x_wconf 85' lang='lat' dir='ltr'>verborum</span> <span class='ocrx_word' id='word_1_289' title='bbox 467 4050 755 4131; x_wconf 88' lang='lat' dir='ltr'>transpositionem</span> <span class='ocrx_word' id='word_1_290' title='bbox 778 4049 872 4117; x_wconf 89' lang='lat' dir='ltr'>nobis</span> <span class='ocrx_word' id='word_1_291' title='bbox 896 4054 1105 4134; x_wconf 88' lang='lat' dir='ltr'>comprobare</span> <span class='ocrx_word' id='word_1_292' title='bbox 1128 4053 1241 4118; x_wconf 89' lang='lat' dir='ltr'>studet</span> <span class='ocrx_word' id='word_1_293' title='bbox 1264 4053 1340 4142; x_wconf 80' lang='grc'>(1.1.</span> 
     </span>
    </p>
   </div>
   <div class='ocr_carea' id='block_1_3' title="bbox 0 0 1512 4642">
    <p class='ocr_par' dir='ltr' id='par_1_6' title="bbox 0 0 1512 4642">
     <span class='ocr_line' id='line_1_37' title="bbox 0 0 1512 4642; baseline 0 0"><span class='ocrx_word' id='word_1_294' title='bbox 0 0 1512 4642; x_wconf 95' lang='lat' dir='ltr'> </span> 
     </span>
    </p>
   </div>
  </div>
 </body>
</html>
