3014 4642
643 242 863 309 „33-

163 440 226 506 sub
249 456 313 506 uno
333 444 472 507 accentu
491 438 600 505 efferri
619 439 715 505 Truc.
734 442 796 505 156
820 440 1001 506 ‘Postremo
1022 439 1073 505 illi
1091 446 1167 508 eunt
1184 439 1341 523 improhi',

164 548 222 614 vel
245 546 423 614 Terentius
443 546 572 612 Phorm.
589 547 653 613 744
676 547 799 612 ‘verum
822 546 905 612 istoc
927 565 978 612 me
999 546 1159 614 nomine’?
1195 547 1245 615 Ob
1269 566 1339 615 eam

163 653 281 736 opinor
312 673 456 736 caueam,
493 654 579 734 quod
611 654 826 734 spondeorum
858 653 1058 736 gravitatem
1089 654 1124 720 in
1159 654 1222 720 hoc
1256 655 1340 736 pede

163 779 267 844 aegre
287 759 456 827 ferendam
473 779 545 827 esse
563 761 725 842 putabant
742 759 806 826 nisi
823 760 992 826 metricam
1011 761 1167 828 duritiam
1186 762 1339 843 quodam·

163 869 260 935 modo
282 867 527 934 imminniesent

254 975 324 1042 Iam
346 974 450 1060 igitur
473 993 543 1041 cum
567 993 619 1040 res
642 973 692 1041 ita
713 993 749 1040 se
767 976 921 1058 habeant,
943 974 978 1040 in
1001 974 1054 1041 hie
1072 993 1201 1057 quoque
1222 994 1340 1057 prono

164 1083 287 1150 minum
308 1082 421 1149 formis
443 1083 516 1148 iure
539 1082 784 1164 exspectaveris
803 1084 932 1149 easdem
951 1081 1130 1167 diligenter
1148 1083 1340 1150 observatas

164 1208 238 1257 esse
255 1188 474 1273 condiciones,
492 1190 536 1255 ad
555 1208 635 1270 quas
649 1189 778 1257 omnino
797 1191 1046 1272 spondiacorum
1060 1191 1232 1259 verborum
1245 1208 1338 1256 usum

164 1297 403 1366 revocaverint.
457 1295 764 1378 Circumspicientes
796 1302 905 1363 autem
938 1297 1068 1377 quinam
1100 1296 1165 1364 loci
1191 1298 1339 1381 regulam

163 1408 310 1488 teneant,
335 1422 501 1470 nnmerum
523 1404 612 1470 haud
635 1403 684 1470 ita
706 1423 856 1488 magnum
879 1402 1177 1472 animadvertimus.
1222 1403 1340 1485 Itaque

163 1518 203 1577 ut
219 1511 406 1579 universum
425 1508 586 1577 faciamus
599 1509 764 1594 indicium,
784 1530 848 1592 qua
867 1511 995 1577 ratione
1009 1516 1127 1592 poetae
1144 1511 1340 1592 spondiaeas

163 1618 246 1702 ille,
276 1615 349 1684 iste’
384 1617 610 1699 pronominum
646 1616 768 1683 formae
804 1617 839 1682 in
870 1618 971 1684 tertio
1004 1637 1025 1683 a
1055 1617 1120 1685 fine
1152 1620 1235 1700 pede
1267 1637 1340 1684 cum

163 1724 328 1808 rhythmis
350 1723 579 1807 consociarint,
601 1724 663 1791 hoc
685 1723 780 1790 nobis
802 1731 855 1789 eat
876 1722 1057 1790 fatendum:

255 1851 284 1898 a.
306 1831 447 1897 Plautus
470 1835 504 1896 et
522 1831 696 1897 Terentius
718 1850 922 1912 nequaquam
941 1831 1185 1897 abhorruerunt
1207 1832 1248 1897 ab
1271 1831 1340 1898 illis

164 1938 200 2006 in
222 1938 309 2006 hunc
332 1939 446 2020 pedem
468 1937 676 2019 recipiendis.

254 2047 285 2113 b.
307 2045 420 2126 Neque
438 2042 588 2129 angustis
606 2043 736 2124 quidem
749 2043 868 2111 finibus
886 2063 997 2110 eorum
1011 2063 1104 2111 usum
1118 2050 1340 2128 coercuerunt,

165 2153 200 2219 id
223 2154 309 2236 quod
333 2152 396 2218 hac
418 2150 620 2233 potissimum
643 2169 849 2217 numerorum
873 2151 1116 2233 comparatione
1139 2151 1339 2217 illustratur:

165 2273 381 2346 spondiacornm
394 2273 541 2329 verborum
1112 2273 1338 2329 laetae-321

345 2362 542 2435 pronominum
1146 2363 1162 2417 9
1172 2382 1178 2417 :
1190 2363 1224 2417 22
1235 2387 1268 2410 =
1280 2364 1293 2416 l
1306 2381 1313 2416 ι
1324 2362 1340 2416 2

255 2493 282 2541 c.
310 2471 414 2557 Quam
442 2474 484 2538 ad
516 2490 586 2538 rem
616 2471 845 2554 explicandam
875 2490 947 2537 eum
979 2470 1063 2536 nihil
1094 2473 1222 2555 valeat,
1254 2472 1341 2553 quod

165 2580 409 2668 grammaticum
438 2579 539 2646 ictum
571 2598 611 2645 ex
641 2578 799 2647 interiore
828 2578 914 2645 thesi
944 2578 1089 2647 amoveri
1118 2580 1158 2646 ob
1186 2584 1341 2646 accentus

165 2687 312 2756 enclieim
334 2686 602 2769 procliticamque
630 2685 856 2768 pronominum
878 2674 1029 2752 naturam
1052 2684 1252 2751 Skutschius
1274 2685 1339 2751 sibi

165 2795 270 2880 finxit,
292 2794 376 2861 nihil
399 2793 490 2860 alind
511 2792 709 2874 relinquitur
731 2812 827 2873 quam
849 2799 887 2859 nt
910 2793 997 2858 hunc
1019 2792 1053 2857 in
1076 2793 1204 2858 modum
1227 2798 1342 2873 poeta·

164 2921 237 2968 rum
267 2900 533 2968 consuetudinem
562 2901 831 2983 interpretemur:
863 2901 1031 2966 Plautus
1061 2902 1100 2964 et
1130 2899 1341 2966 Terentius

164 3009 204 3075 in
226 3009 388 3075 illorum
411 3006 595 3090 prosodia
619 3006 881 3075 constantiam
899 3007 1022 3072 ullam
1041 3007 1135 3073 adeo
1158 3024 1232 3073 non
1250 3012 1342 3073 sunt

166 3115 308 3199 secuti,
339 3121 381 3181 ut
408 3116 607 3181 admodum
632 3114 930 3183 haesitaverint
956 3113 1061 3180 inter
1093 3114 1341 3193 spondiacam

166 3226 207 3289 et
237 3221 442 3289 iambicam
472 3221 736 3303 pronominum
767 3239 991 3288 mensuram.
1049 3217 1142 3303 Quae
1174 3222 1342 3286 sententia

166 3329 267 3396 Birtii
289 3327 512 3411 disputatione
533 3329 737 3411 comprobari
762 3329 904 3412 videtur,
928 3328 985 3408 qui
1008 3328 1107 3409 plane
1131 3325 1231 3392 aliam
1255 3327 1342 3393 viem

166 3436 335 3522 ingressus
349 3435 542 3519 perducitur
564 3437 608 3502 ad
631 3437 769 3502 eundem
793 3439 944 3503 eventum
967 3432 1002 3519 (l.
1025 3453 1049 3499 s.
1073 3452 1125 3514 pp.
1142 3433 1341 3518 aco-272).

166 3543 296 3610 Deinde
318 3543 469 3609 nonnihil
492 3543 640 3623 interest,
663 3544 705 3609 ah
730 3541 877 3608 omnibus
900 3540 994 3606 libris
1018 3539 1211 3626 (Palatinis)
1234 3538 1343 3605 ‘illum'

168 3650 319 3717 exhiberi
340 3649 375 3715 in
399 3649 540 3716 diaeresi
563 3651 699 3716 huiusce
721 3649 853 3716 iambici
876 3647 1070 3730 septenarii:

264 3757 445 3824 minutal
477 3756 579 3838 Spero
608 3757 658 3823 ita
687 3755 842 3824 futurum.
875 3775 1067 3837 quamquam
1098 3754 1194 3822 illum
1217 3757 1343 3822 multae

556 2291 573 2431 ἶ
589 2316 718 2389 legitima
730 2317 857 2386 exempla
869 2317 905 2370 ad
919 2316 1068 2387 illegitima

1040 3860 1106 3928 sibi
1129 3865 1343 3944 expetessant

166 3969 361 4038 Skutschins
388 3970 539 4037 nimirum
566 3970 600 4036 iu
628 3971 690 4038 hoc
712 3971 782 4053 ipso
811 3974 884 4038 leco
912 3968 1058 4037 codicum
1081 3969 1178 4036 fidem
1205 3968 1343 4035 addubi-

167 4079 266 4147 tavit:
299 4085 487 4160 corruptum
518 4077 604 4145 enim
636 4097 678 4143 ex
704 4080 794 4143 ‘eum’
822 4096 893 4144 esse
921 4077 1029 4144 ‘illum'
1058 4074 1228 4142 contendit
1258 4079 1294 4159 (Ι.
1317 4095 1342 4143 a.

1182 4180 1218 4234 6*
